2904 3750
622 249 967 315 CAPUT
1013 247 1587 313 VIGESIMUM
1640 246 2191 325 QUINTUM.
2329 270 2454 333 251

431 389 553 425 num
577 376 690 428 vitae
705 394 768 426 ex
791 378 908 426 veris
930 372 1199 430 sensualibus
1221 373 1272 421 δε
1296 372 1578 422 scientificis:
1616 371 1689 419 vir
1708 372 1827 434 agri,
1865 370 2085 435 fignificat
2124 375 2298 425 bonum
2340 378 2452 425 vitae
2477 412 2482 414 -

428 459 493 490 ex
512 443 863 499 sdoekrimlibus:
896 445 950 491 ὅτ
972 440 1120 502 Jacob
1158 440 1231 486 vir
1270 439 1447 501 integer
1484 439 1709 501 fignificat
1747 453 1940 486 verum:
1995 439 2195 488 habitans
2238 445 2445 505 tentoria,

433 510 659 573 fignificat
676 500 860 561 cultrum
884 508 1019 555 inde:
1056 506 1122 554 Et
1143 505 1323 553 amabat
1344 504 1531 566 Jischak
1556 505 1755 552 Esavum
1789 506 1895 568 quia
1918 508 2101 552 venatio
2138 511 2184 554 in
2223 525 2299 556 ore
2333 508 2444 574 ejus,

432 576 656 639 fignificat
692 575 819 639 quod
857 573 1089 622 Divinum
1121 574 1305 620 Bonum
1330 572 1492 620 Div-ini
1518 572 1770 619 Rationalis
1812 573 2005 619 Domini
2053 586 2223 637 amaret
2271 576 2444 625 bonum

432 644 557 690 vesi:
592 642 644 690 δε
668 641 878 700 Rebecca
899 657 1052 688 amans
1077 639 1326 702 Jacobum,
1370 639 1596 704 fignificat
1631 639 1764 704 quod
1800 639 2030 687 Divinum
2068 640 2245 688 Verum
2285 643 2446 690 Divini

426 708 677 757 Rationalis
698 721 868 756 amaret
891 707 1146 755 doctrinam
1169 708 1281 754 veri.

501 777 646 838 3308..
684 774 1006 823 Adoleverunt
1027 776 1174 839 pueri,
1209 773 1338 838 quod
1377 773 1604 837 significet
1648 772 1815 821 statum
1860 773 2088 837 primum,
2134 790 2299 839 nempe
2335 792 2445 824 con-

418 838 672 904 junctionis
694 840 879 890 boni&
903 843 1016 899 veri,
1052 841 1226 890 constat
1265 858 1323 889 ex
1363 840 1692 904 significatione
1732 838 1999 897 adolescere,
2037 857 2147 888 cum
2170 842 2444 905 praedicatur

419 907 486 955 de
510 906 633 955 bono
655 908 706 956 ὅτ
728 924 856 967 vero,
891 908 1045 974 quoad
1076 922 1232 957 ortum
1266 909 1317 956 &
1349 907 1653 971 progressum,
1690 907 1818 970 quod
1857 906 1911 954 sit
1950 905 2102 973 hujus,
2139 925 2305 974 nempe
2336 927 2444 974 pro-

423 973 615 1038 gressus,
651 974 791 1023 statua
810 977 1009 1039 primus,
1045 976 1102 1023 de
1134 991 1232 1040 quo
1268 974 1506 1039 sequ-itum
1541 975 1592 1022 ὅτ
1615 990 1642 1021 a
1664 973 1993 1038 significatione
2015 990 2279 1038 puerorum,
2316 979 2446 1041 quod

422 1041 481 1089 fit
516 1040 696 1090 bonum
729 1044 776 1090 δε
801 1059 985 1100 ver-um,
1030 1042 1207 1092 bonum
1244 1043 1366 1089 enim
1404 1040 1743 1105 repraesentatur
1781 1058 1864 1105 per
1902 1057 2098 1105 puerum
2136 1042 2355 1099 Esavum,
2393 1046 2443 1094 &

424 1123 588 1156 venum
607 1125 690 1172 per
712 1125 909 1173 puerum
934 1109 1184 1172 jacobum,
1221 1121 1273 1156 ut
1290 1108 1424 1172 supra
1445 1107 1671 1156 ostensum
1692 1127 1703 1156 ε
1741 1124 1850 1155 cum
1876 1108 1998 1157 bono
2021 1109 2071 1156 &
2096 1125 2205 1157 vero
2228 1109 2268 1157 se
2293 1111 2443 1168 habet,

421 1174 542 1223 siem
578 1191 688 1223 cum
727 1177 874 1240 prole,
909 1176 1037 1240 quod
1075 1176 1408 1238 concipiantur,
1457 1175 1586 1239 quod
1626 1174 1712 1222 sint
1747 1175 1798 1222 ⁴in
1837 1187 1983 1232 utero,
2032 1176 2161 1239 quod
2191 1175 2443 1235 nascantur,

419 1242 557 1305 quod
578 1242 852 1300 adolescant,
887 1255 990 1291 tum
1028 1243 1158 1306 quod
1195 1241 1391 1290 crescant
1426 1253 1558 1289 aetate
1597 1241 1738 1305 usque
1761 1242 1820 1289 ad
1845 1242 2092 1298 ultimam;
2127 1244 2253 1307 quod
2289 1248 2443 1292 conci·-

423 1309 626 1372 piantur,
659 1308 750 1356 sant
770 1311 819 1357 in
843 1322 990 1366 utero,
1025 1310 1076 1358 &
1100 1308 1352 1366 nascantur,
1389 1309 1583 1373 pertinet
1618 1309 1676 1356 ad
1715 1307 1881 1357 statum
1922 1322 2083 1365 ortus·‚
2126 1310 2253 1374 quod
2290 1324 2445 1361 autem

425 1374 696 1433 adolescant,
733 1375 928 1426 crescant
967 1388 1100 1424 aetate
1134 1375 1274 1440 usque
1312 1375 1369 1424 ad
1390 1376 1622 1433 ultimam,
1656 1377 1853 1439 pertinet
1877 1376 1934 1423 ad
1956 1375 2122 1424 statum
2150 1379 2440 1442 progreffu33

426 1440 562 1491 status
598 1442 854 1507 progressus
882 1443 1085 1491 succedit
1107 1460 1133 1491 a
1156 1444 1405 1500 nativitate,
1439 1443 1490 1490 ὅτ.
1512 1442 1578 1490 est
1601 1441 1738 1490 status
1760 1440 2094 1507 conjunffionis
2120 1444 2226 1492 boni
2250 1446 2300 1493 δε
2329 1447 2440 1503 veri,

419 1511 632 1572 priimum
662 1508 802 1574 hujus
836 1510 976 1560 'status
1012 1510 1093 1567 est,
1127 1510 1255 1575 quod
1283 1509 1564 1573 significatur
1595 1508 1668 1556 hic
1699 1525 1779 1573 per
1812 1509 2076 1567 adolescere,
2114 1510 2187 1559 hic
2209 1511 2349 1560 status
2371 1514 2440 1560 in-

420 1576 538 1640 cipit
561 1576 682 1623 illioo
706 1577 808 1640 post
830 1579 1134 1632 nativitatem,
1169 1578 1220 1624 &c
1239 1577 1535 1625 continuatur
1570 1574 1709 1639 usque
1743 1576 1801 1622 ad
1837 1576 2058 1624 ultimum
2082 1579 2209 1635 vitae,
2245 1579 2294 1626 &
2315 1581 2443 1643 apud

416 1641 543 1698 illos,
577 1644 660 1705 qui
684 1645 731 1690 in
756 1643 879 1693 bono
898 1643 1020 1699 sunt,
1058 1641 1160 1706 post
1182 1643 1328 1690 vitam
1348 1643 1552 1706 corporis
1575 1642 1623 1689 in
1645 1655 1906 1699 aeternum3
1946 1644 2119 1708 Angeli
2142 1646 2204 1693 ita
2227 1648 2442 1694 continue

504 1707 736 1758 ficitmtur.

414 1724 504 1773 Per
528 1793 637 1841 309.
669 1776 740 1827 Et
780 1774 869 1826 fluit
897 1774 1018 1827 Esau
1057 1777 1131 1826 vir
1168 1775 1306 1825 soiens
1343 1775 1608 1834 venat-ioniS,
1643 1776 1773 1840 quod
1796 1775 2019 1840 significet
2055 1775 2229 1828 bonum
2252 1779 2363 1829 vitae
2386 1798 2443 1828 ex

421 1844 540 1891 veris
565 1841 833 1893 sensualibus
852 1844 907 1892 ,δε
932 1843 1202 1901 scientificis‚
1237 1843 1412 1892 constat
1434 1859 1491 1907 eac
1527 1842 1917 1908 repraesentatione
1939 1843 2094 1901 Esavi,
2130 1846 2258 1909 quod
2281 1846 2335 1894 fit
2361 1848 2442 1896 bo-

421 1924 536 1959 num
559 1911 689 1966 vitae‚
725 1910 782 1958 de
814 1926 906 1973 qua
932 1909 1095 1974 supta3
1131 1913 1176 1958 δι
1205 1926 1264 1960 ex
1287 1910 1614 1975 significatione
1636 1911 1725 1959 viri
1764 1910 1939 1959 scientis
1970 1912 2277 1970 venationem,
2314 1916 2443 1978 quod

417 1974 510 2022 fint
534 1974 704 2039 ill-iqui
728 1973 775 2024 in
794 1975 1039 2026 ‚afflone
1060 1978 1175 2034 veri,
1211 1977 1268 2025 de
1292 1994 1383 2042 qua
1402 1977 1641 2041 ·sequitur;
1676 1979 1749 2027 vir
1772 1979 1896 2026 enim
1923 1974 2062 2027 sciens
2086 1980 2362 2043 praedicatur
2384 1983 2442 2030 de

418 2041 662 2091 affeffione
682 2044 799 2100 veri,
830 2042 909 2090 seu
931 2043 991 2091 de
1008 2043 1102 2092 illis
1123 2044 1204 2108 qui
1229 2045 1273 2094 in
1296 2044 1533 2093 affeffione
1556 2047 1651 2094 veri
1668 2044 1770 2094 sunt
1790 2069 1803 2102 3
1841 2048 2021 2094 venatio
2044 2059 2196 2095 autem
2221 2047 2445 2111 significat

422 2107 516 2172 ipsa
534 2124 661 2166 vera,
696 2108 770 2158 sed
793 2126 901 2159 vera
930 2126 1039 2174 quae
1078 2109 1181 2159 sunt
1216 2110 1431 2162 naturalis
1450 2111 1652 2161 hominis
1672 2129 1733 2160 ex
1754 2112 1921 2177 quibus
1943 2112 2060 2161 bona
2080 2136 2094 2170 ;
2132 2115 2181 2162 &
2205 2120 2313 2179 quia
2337 2133 2443 2164 vera

419 2175 636 2227 naturalis
672 2176 878 2225 hominis
917 2176 1021 2226 sunt
1059 2177 1152 2236 illa,
1187 2192 1294 2241 quae
1314 2189 1538 2225 vocantur
1556 2177 1817 2236 scientifica,
1854 2198 1912 2228 n:
1940 2198 2034 2246 329
2041 2199 2087 2246 3,
2124 2181 2173 2229 &
2199 2181 2439 2231 scientifica

417 2241 525 2291 fiant
548 2244 775 2308 imprimis
799 2244 997 2308 duplicis
1021 2244 1213 2309 generis,
1245 2245 1323 2291 ›seu
1356 2243 1552 2308 duplicis
1582 2245 1767 2308 gradus,
1805 2263 1970 2309 nempe
1994 2247 2202 2295 sensualia
2225 2250 2274 2297 &
2299 2248 2438 2297 scien·

417 2309 562 2366 tii-ica,
613 2326 695 2373 per
729 2313 1021 2360 venationem
1069 2311 1142 2359 hic
1182 2311 1491 2375 significantur
1525 2324 1757 2376 utraque3
1800 2311 2008 2361 sensualia
2039 2312 2162 2370 sunt,
2198 2317 2245 2363 in
2269 2317 2436 2379 quibus

420 2377 569 2439 pueni,
605 2374 845 2425 scientifica
879 2380 926 2426 in
958 2377 1124 2442 quibus
1149 2378 1292 2426 >iidem
1318 2393 1426 2425 curn
1460 2378 1755 2434 adolescunt;
1792 2379 1944 2426 nullus
1966 2381 2089 2426 enim
2113 2381 2259 2443 potest
2281 2383 2364 2428 effe
2389 2385 2435 2431 in

418 2445 538 2493 veris
579 2441 850 2502 scientis-icis,
887 2444 967 2494 nifi
1006 2445 1133 2509 prius
1164 2444 1218 2491 fit
1246 2445 1293 2494 in
1316 2445 1438 2491 ver-is
1471 2443 1757 2502 sensualibus,
1794 2461 1899 2492 nam
1933 2445 2050 2493 ideae
2083 2445 2434 2497 scientificorum

417 2509 479 2556 ab
500 2510 569 2558 his
593 2523 944 2575 comparantur3
981 2527 1039 2559 ex
1061 2511 1130 2559 his
1154 2511 1259 2559 dein
1284 2527 1393 2559 vera
1414 2510 1579 2559 adhuc>
1603 2513 1813 2560 interiora
1850 2512 2032 2576 poffunt
2051 2513 2219 2560 addisci
2242 2515 2292 2562 δε
2314 2518 2432 2581 capi,

419 2592 528 2639 quae
565 2591 791 2625 vocantur
829 2577 1110 2635 doctrinalia,
1146 2594 1255 2642 quae
1287 2577 1598 2640 significantur
1618 2595 1699 2643 per
1719 2580 1872 2626 virum
1899 2580 2014 2642 agri,
2050 2579 2107 2627 de
2131 2580 2297 2644 quibus
2322 2599 2435 2632 mox

417 2642 632 2706 sequitur.
705 2644 852 2709 Qod
882 2660 963 2709 per
985 2645 1292 2692 Venationem
1317 2643 1631 2708 significentur
1654 2661 1760 2692 vera
1785 2644 1994 2692 sensualia
2018 2647 2067 2693 &
2091 2646 2347 2706 scientifica,
2386 2652 2432 2697 in

417 2710 585 2774 quibus
598 2710 848 2768 docentur,
884 2713 935 2759 δε
959 2710 1126 2774 quibus
1163 2711 1422 2759 afficiuntur
1462 2711 1527 2757 illi
1566 2712 1648 2775 qui
1687 2713 1733 2759 in
1772 2711 1895 2759 bono
1918 2714 2029 2760 vitae
2053 2711 2171 2771 sunt,
2211 2714 2290 2771 est,
2327 2718 2435 2780 quia

418 2777 616 2825 Venatio
655 2783 700 2825 in
730 2778 832 2826 lato
869 2776 993 2826 sensu
1025 2777 1127 2829 sunt
1168 2778 1242 2827 illa
1276 2780 1384 2843 quae
1423 2794 1504 2842 per
1526 2779 1828 2826 venationem
1868 2780 2125 2843 capiuntur,
2161 2793 2213 2828 ut
2238 2783 2431 2841 Arietes,

416 2842 557 2901 haedi,
592 2861 757 2909 captae,
793 2846 842 2894 &
863 2845 1184 2909 fimilia,'quae
1223 2845 1352 2910 quod
1392 2845 1479 2893 fint
1514 2845 1634 2894 bona
1673 2845 1930 2910 spiritualia,
1965 2847 2171 2895 videatur
2195 2866 2255 2897 n:
2286 2857 2436 2903 2088.

418 2914 549 2974 2830
570 2933 587 2967 v3
614 2912 671 2959 j&
694 2915 804 2975 quia
824 2913 960 2960 etiam
988 2914 1239 2960 venationis
1272 2928 1416 2970 arma,
1451 2928 1558 2976 quae
1582 2912 1765 2960 suerunt
1790 2913 2008 2977 pharetra,
2046 2931 2172 2962 arcus
2197 2916 2246 2963 δε
2263 2914 2431 2980 jacula,

410 2976 516 3024 sunt
542 2978 804 3027 doftninalia
826 2982 938 3036 veri,
975 2995 1037 3027 n:
1067 2981 1211 3029 2680.
1235 2980 1376 3029 2686.
1405 2995 1571 3044 27093
1608 2980 1737 3044 quod
1778 2979 1882 3028 talia
1922 2980 2022 3038 sint,
2060 2998 2167 3044 quae
2192 2999 2271 3046 per
2296 3001 2431 3032 vena-

417 3043 588 3090 tionem
627 3045 956 3108 fignificantur,
994 3046 1194 3094 constare
1240 3046 1388 3110 potest
1426 3063 1484 3094 ex
1525 3046 1613 3094 illis
1658 3063 1768 3110 quae
1805 3047 1859 3094 ad
1886 3046 2086 3095 Esavum
2119 3066 2143 3095 a
2176 3061 2299 3113 patre
2338 3050 2432 3110 ejus

417 3108 631 3167 Jischako
655 3112 779 3174 Cap:
800 3114 877 3176 seq
898 3132 908 3161 :
930 3129 1096 3170 xxv11,
1133 3114 1367 3170 dicuntur,
1423 3119 1457 3141 ‘⁶
1483 3113 1620 3161 Tolle
1666 3113 1822 3178 quaeso
1867 3131 1990 3162 arma
2039 3126 2131 3170 tm,
2176 3107 2433 3178 phas-etiam

418 3186 564 3231 tuam,
600 3177 648 3224 δε
673 3193 818 3228 arcum
841 3193 995 3238 tuum,
1031 3181 1080 3230 &
1105 3181 1176 3228 exi
1202 3196 1384 3244 agrum,
1419 3181 1470 3229 δε
1494 3197 1653 3229 venare
1686 3181 1793 3229 mihi
1825 3184 2112 3239 venationem,
2150 3184 2197 3230 δε
2224 3182 2292 3229 sac
2320 3184 2433 3230 mihi

1547 3248 1607 3295 Ii
1645 3265 1669 3297 2
2207 3249 2440 3311 cupedias,
