2904 3750
659 180 1000 248 CAPUT
1046 179 1614 249 VIGESIMUM
1663 180 2186 252 OCTAVUM.
2303 160 2439 275 433

437 311 611 382 aliquid
638 335 668 367 e
687 320 847 369 Verbo
884 319 1190 375 audiverunt;
1227 333 1339 366 cum
1372 318 1421 364 in
1449 316 1572 364 hunc
1594 313 1881 378 cogitationis
1905 313 2069 363 statum
2091 320 2243 376 venit,
2269 318 2300 366 fi
2325 320 2442 366 inter
2509 366 2517 371 ,

431 384 536 432 illos
560 385 626 433 est
661 389 743 452 qui
778 388 1025 452 regenerari
1060 386 1260 449 possunt,
1296 385 1343 430 in
1378 384 1637 431 interiorem
1671 381 1837 428 statum
1871 382 2018 428 adhuc
2050 400 2073 430 a
2097 385 2303 434 Domino
2334 402 2438 450 per-

429 451 629 510 ducitur,
666 470 832 519 nempe
867 456 916 500 in
949 453 1100 508 illum,
1136 463 1190 497 ut
1221 450 1412 512 cogitet,
1447 449 1578 511 quod
1610 448 1769 495 altiora
1800 447 1911 494 inibi
1944 447 2124 505 lateant,
2160 468 2267 514 quae
2289 452 2437 500 adhuc

430 533 524 566 non
546 521 706 576 novit;
745 522 795 568 δε
828 535 938 567 cum
963 517 1171 565 Verbum
1208 519 1255 564 in
1288 531 1344 563 eo
1366 514 1482 561 statu
1517 514 1644 578 legit,
1681 526 1790 561 tunc
1826 515 1986 577 passim
2019 517 2141 578 apud
2178 519 2434 582 prophetas,

428 585 482 632 δε
515 587 742 648 imprimis
776 585 901 648 apud
938 582 1267 647 Evangelistas‚
1316 582 1507 637 invenit,
1548 581 1676 645 quod
1716 580 1890 645 fingula
1928 581 2004 629 illa
2044 598 2270 647 praecepta
2308 587 2353 632 in
2393 585 2435 634 se

428 649 676 699 coelestiora
698 653 955 698 contineant
974 672 989 706 3
1029 649 1143 698 sicut
1164 650 1294 714 quod
1317 648 1569 695 honorandi
1592 661 1811 712 parentes,
1835 648 1981 711 quod,
2006 664 2114 696 cum
2140 667 2164 696 e
2189 667 2313 698 novo
2337 652 2432 700 nas-

426 729 610 774 cuntur,
646 718 736 765 hoc
758 717 838 775 est,
874 733 983 766 curn
1008 730 1342 781 regenerantur,
1367 715 1506 763 alium
1529 716 1713 762 Patrem
1743 716 1980 778 accipiant,
2016 716 2066 763 δε
2088 716 2216 779 quod
2240 730 2348 766 tunc
2373 720 2433 766 11-

424 783 515 832 lius
546 784 628 831 filii
662 785 790 841 fiant,
825 786 875 832 δε
909 784 1035 848 quod
1072 783 1154 832 Ille
1188 783 1243 831 sit
1280 785 1360 847 qui
1397 782 1705 838 honorandus,
1742 783 1804 829 ita
1835 782 1962 846 quod
1996 784 2033 830 is
2064 780 2207 830 sensus
2239 784 2310 841 sit,
2350 788 2431 849 qui

423 851 608 898 interius
632 852 678 898 in
701 851 782 899 illo
806 863 1039 916 praecepto
1070 851 1175 898 latet
1195 873 1210 906 ;
1245 866 1326 914 per
1346 850 1514 913 gradus
1547 849 1683 896 etiam
1707 848 1854 906 discit,
1889 850 1991 913 quis
2017 850 2258 898 novus-ille
2283 853 2431 910 Pater,

420 916 548 980 quod
574 934 740 982 nempe
763 918 816 966 fit
839 919 1089 974 Dominus,
1115 919 1164 965 &
1189 917 1373 965 tandem
1398 915 1640 980 quomodo
1663 915 1745 962 Ille
1771 916 2076 973 honorandus,
2112 918 2240 981 quod
2266 935 2430 983 nempe

420 983 654 1042 colendus,
691 987 738 1032 &
764 986 893 1049 quod
928 998 1038 1033 tunc
1073 984 1265 1041 colatur,
1307 983 1495 1047 quando
1528 997 1737 1038 amatur;
1773 998 1882 1029 cum
1919 983 1992 1030 ille
2026 984 2105 1046 qui
2144 1000 2223 1047 reg
2306 1000 2431 1034 ratur

419 1051 468 1099 in
491 1050 578 1100 hoc
603 1067 713 1100 vero
734 1051 814 1109 est,
847 1052 898 1100 δε
923 1053 970 1099 in
994 1054 1089 1099 vita
1121 1050 1373 1099 secundum
1397 1050 1528 1107 illud,
1566 1062 1676 1096 tunc
1701 1051 1747 1096 in
1773 1049 2010 1098 doctrinali
2033 1052 2211 1098 Divino
2241 1069 2266 1100 e
2326 1075 2341 1110 3
2376 1054 2429 1101 δε

418 1129 530 1165 tunc
562 1117 627 1166 est
661 1120 709 1166 in
732 1118 847 1166 statu
881 1119 1105 1182 angelico,
1147 1119 1197 1165 &
1234 1117 1339 1165 inde
1363 1117 1529 1181 spectat
1562 1116 1635 1164 illa
1663 1132 1770 1180 quae
1793 1118 1918 1179 prius
1942 1131 2143 1174 noverat,
2180 1117 2294 1166 ficut
2328 1119 2427 1167 suc-
2460 1119 2465 1123 ’

420 1184 627 1232 cedentia
664 1185 838 1241 ordine,
893 1186 943 1232 ὅτ,
977 1185 1090 1232 sicut
1125 1185 1312 1231 fluentia
1338 1200 1395 1231 ex
1431 1184 1607 1231 Divino
1635 1182 1756 1246 quasi
1797 1183 2042 1231 secundum
2077 1184 2245 1247 gradus
2279 1185 2425 1245 scalae,
2485 1192 2490 1197 '

422 1248 553 1313 supra
585 1267 724 1315 quam
749 1250 956 1313 jehovah
991 1250 1065 1298 seu
1087 1251 1318 1298 Dominus
1341 1249 1421 1306 est,
1457 1250 1507 1298 &
1546 1247 1676 1312 super
1709 1250 1925 1313 gradibus
1949 1252 2122 1314 Angeii
2162 1251 2305 1315 Ipfius
2346 1257 2427 1317 qui

419 1315 665 1365 ascendunt
687 1319 737 1366 δε
765 1316 1075 1373 descendunt·‚
1117 1318 1178 1365 ita
1195 1318 1328 1365 'videt
1364 1316 1455 1374 illa,
1491 1316 1658 1380 quibus
1692 1318 1819 1380 prius
1854 1317 2097 1365 delectatus
2138 1316 2313 1375 fuerat;
2361 1320 2425 1368 se-

417 1385 625 1432 cundum
661 1384 830 1449 gradus
860 1386 1102 1432 remotiora
1134 1401 1160 1432 a
1182 1383 1254 1433 se:
1296 1383 1498 1431 similiter
1520 1383 1561 1430 se
1593 1382 1725 1430 habet
1746 1399 1855 1431 cum
1879 1384 2060 1448 reliquis
2083 1390 2323 1450 praeceptis
2346 1387 2426 1436 de-

419 1450 585 1515 calogi,
623 1452 830 1500 videatur
862 1469 923 1500 n:
946 1453 1105 1516 2609:
1148 1451 1254 1499 inde
1288 1466 1410 1498 nunc
1442 1449 1641 1499 constare
1662 1449 1823 1514 potest,
1858 1451 1970 1515 quid
2006 1451 2059 1498 sit
2082 1455 2180 1499 vita
2208 1470 2235 1500 a
2255 1454 2426 1502 (1οᾶτί-

418 1517 592 1565 nalibus
631 1519 814 1567 Divinis
847 1520 1081 1576 remotior,
1137 1534 1246 1582 quae
1286 1517 1562 1581 significatur
1599 1533 1681 1581 per
1717 1517 1845 1581 quod
1879 1519 2020 1566 exivit
2053 1519 2200 1580 Jacob
2233 1537 2258 1567 e
2292 1523 2424 1570 Beer·

418 1582 623 1633 schebah.

485 1652 629 1715 3691.
666 1652 731 1700 Et
767 1652 853 1699 ivit
874 1651 1148 1708 Charanem,
1188 1649 1316 1714 quod
1353 1649 1576 1714 significet
1615 1650 1672 1697 ad
1704 1649 1878 1698 bonum
1906 1651 1954 1697 δε
1980 1667 2141 1699 verum
2176 1652 2296 1702 illius
2317 1671 2423 1718 gra·

410 1716 515 1774 dus,
551 1718 723 1766 constat
744 1734 801 1765 ex
824 1717 1148 1782 significatione
1171 1717 1402 1773 Charmis,
1442 1716 1572 1780 quod
1607 1716 1661 1764 sit
1685 1716 1862 1764 bonum
1896 1717 1947 1764 δε
1969 1733 2130 1766 verum
2162 1733 2421 1779 externum,

413 1799 495 1847 per
518 1785 772 1833 Charanem
807 1786 935 1832 'enim
974 1785 1252 1849 significatur
1274 1796 1532 1840 externum,
1571 1783 1621 1831 &
1645 1800 1726 1848 per
1748 1784 1986 1831 Labanem
2021 1787 2101 1848 qui
2131 1785 2211 1843 ibi,
2248 1787 2424 1838 bonum

410 1851 461 1898 δι·
486 1867 668 1908 verum,
710 1853 770 1900 ita
804 1869 884 1915 per
908 1851 1161 1900 Charanem
1204 1852 1277 1899 hic
1315 1863 1555 1899 externum
1589 1850 1764 1899 bonum
1799 1852 1849 1899 ὅτ
1874 1867 2054 1909 verum,
2090 1852 2217 1916 quod
2256 1855 2305 1901 id
2342 1873 2423 1919 per

414 1916 669 1966 Charanem
692 1918 986 1981 significetur,
1021 1919 1228 1966 videatur
1263 1934 1323 1966 n:
1350 1936 1489 1982 1430.
1518 1918 1679 1979 3612·‚
1721 1917 1827 1965 inde
1850 1930 1988 1982 patet,
2029 1920 2155 1982 quod
2181 1937 2261 1983 per
2282 1924 2426 1971 exivit

414 1983 560 2044 Jacob
593 2000 618 2031 e
641 1984 909 2032 Beerscheba
930 1985 980 2032 ὅτ,
1015 1985 1100 2032 ivit
1124 1984 1392 2041 Charanem,
1432 1987 1479 2033 in
1516 1983 1638 2033 sensu
1673 1988 1852 2034 interno
1886 1984 2179 2048 fignificetur,
2220 1990 2348 2051 quod
2381 1989 2424 2038 se

412 2050 654 2098 contulerit
679 2052 898 2098 remotius
918 2067 945 2098 a
967 2050 1290 2099 doctrinalibus
1312 2052 1514 2108 Divinis,
1540 2053 1602 2099 ita
1624 2052 1682 2099 ad
1707 2052 1883 2100 bonum
1907 2053 1957 2101 δε
1981 2068 2141 2100 verum
2167 2067 2420 2104 externum.

413 2117 562 2181 Qod
596 2118 773 2165 dicatur
794 2117 971 2165 bonum
994 2118 1044 2166 δε
1069 2133 1231 2165 verum
1267 2116 1386 2164 illius
1409 2117 1595 2180 graduS,
1635 2117 1699 2166 est
1733 2120 1839 2181 quia
1861 2118 1980 2166 bona
2014 2120 2064 2167 ὅτ.
2090 2136 2196 2168 vera
2230 2122 2345 2169 inter
2379 2122 2422 2172 se

410 2182 590 2247 prorsus
614 2184 820 2232 distincta
844 2187 946 2232 sunt
968 2185 1218 2232 secundum
1241 2184 1439 2248 gradus;
1484 2184 1603 2232 bona
1625 2186 1674 2238 ὅτ
1698 2199 1804 2231 vera
1834 2187 2043 2234 interiora
2083 2185 2185 2234 sunt
2205 2189 2250 2235 in
2272 2190 2420 2252 gradu

410 2248 644 2313 superiori,
679 2252 730 2299 &
765 2252 982 2299 exteriora
1017 2253 1063 2299 in
1102 2251 1250 2316 gradu
1291 2248 1525 2306 inferiori-‚
1563 2251 1608 2297 in
1647 2249 1861 2314 superiori
1898 2252 2043 2314 gradu
2073 2252 2175 2300 sunt
2211 2254 2331 2303 bona
2369 2258 2420 2304 δε

410 2331 518 2363 vera
539 2333 647 2379 quae
669 2317 772 2364 sunt
794 2319 1061 2375 Rationalis,
1097 2319 1219 2365 &in
1252 2316 1452 2365 inferiori
1491 2316 1591 2365 sunt
1620 2317 1738 2365 bona
1776 2319 1826 2365 δι
1859 2333 1964 2364 vera
1999 2318 2231 2367 Naturalis
2267 2323 2314 2368 in
2348 2323 2418 2370 in-

408 2381 527 2430 fimo
550 2382 652 2431 sunt
688 2383 806 2430 bona
837 2385 886 2432 &
911 2401 1016 2431 vera
1046 2383 1254 2432 sensualia
1275 2400 1382 2448 quae
1408 2383 1511 2431 sunt
1542 2386 1777 2447 corporis:
1819 2384 1938 2431 bona
1976 2385 2026 2432 δε
2051 2401 2154 2432 vera
2188 2387 2415 2446 interiora,

410 2447 483 2495 seu
508 2466 614 2513 quae
638 2451 684 2496 in
709 2448 923 2513 superiori
956 2450 1103 2514 gradu
1133 2450 1251 2506 sunt,
1287 2450 1485 2499 influunt
1518 2451 1565 2497 in
1588 2450 1707 2498 bona
1738 2451 1788 2498 &
1812 2466 1917 2498 vera
1947 2452 2166 2500 exteriora
2202 2452 2276 2500 seu
2309 2470 2418 2519 quae

408 2517 456 2562 in
491 2517 636 2579 gradu
672 2515 872 2563 inferiori
910 2515 1028 2573 sunt,
1069 2518 1119 2565 ὅτ.
1156 2516 1313 2564 fistunt
1349 2517 1413 2564 ibi
1451 2519 1702 2581 imaginem
1739 2516 1822 2574 sui,
1868 2533 2001 2581 paene
2036 2518 2149 2566 ficut
2182 2519 2229 2569 se,
2258 2519 2416 2570 sistunt

409 2582 666 2631 affeffiones
690 2585 920 2631 interiores
943 2584 1141 2632 hominis
1166 2585 1213 2630 in
1236 2583 1348 2631 facie
1371 2584 1421 2632 &
1444 2582 1539 2646 ejus
1576 2584 1900 2631 mutationibus
1920 2597 1930 2626 ε
1970 2584 2076 2632 inde
2113 2598 2251 2648 patet,
2286 2589 2418 2651 quod

406 2649 526 2697 bona
558 2650 607 2698 &
648 2666 755 2699 vera
787 2652 997 2698 interiora
1018 2651 1197 2716 prorsus
1220 2649 1411 2715 separata
1440 2651 1526 2698 fint
1557 2668 1583 2698 a
1606 2651 1735 2699 bonis
1757 2652 1808 2699 &
1832 2653 1949 2698 veris
1983 2653 2293 2711 exterioribu8‚
2339 2653 2414 2704 seu

334 2763 339 2766 ⁴
406 2718 533 2780 quod
557 2717 698 2775 idem,
734 2719 911 2781 quae-in
936 2717 1149 2782 superiori
1173 2719 1320 2782 gradu
1356 2717 1412 2765 ab
1436 2718 1522 2765 illis
1544 2734 1651 2782 quae
1687 2719 1735 2765 in
1769 2717 1988 2774 inferiori,
2026 2727 2077 2766 ac
2109 2721 2171 2768 ita
2203 2719 2411 2784 separata,

407 2796 459 2830 ut
482 2785 708 2841 interiora,
748 2783 822 2832 seu
843 2801 952 2849 ‘quae
985 2787 1032 2832 in
1056 2785 1201 2849 gradu
1227 2784 1443 2849 superiori
1466 2785 1586 2842 sunt,
1624 2784 1808 2832 existere
1841 2787 2007 2848 possint
2030 2785 2194 2850 absque
2216 2789 2410 2835 exterio-

409 2849 542 2897 ribus>
566 2850 639 2899 seu
679 2867 786 2915 quae
827 2853 873 2900 in
909 2851 1053 2916 gradu
1092 2850 1322 2900 inferiori:
1365 2853 1447 2916 qui
1481 2869 1573 2900 non
1608 2851 1863 2900 distinCtam
1901 2850 2141 2900 notionem*
2177 2856 2409 2917 graduum

407 2915 556 2974 habet,
596 2934 678 2966 nec
728 2918 874 2982 potest
912 2918 1171 2967 distinfiam
1206 2920 1443 2967 notionem
1482 2919 1709 2967 bonorum
1750 2920 2015 2967 interiorum
2053 2921 2102 2967 δε
2136 2923 2410 2970 exteriorum

405 2981 564 3030 habere
581 3005 598 3039 -,
635 3001 719 3032 nec
742 2986 989 3049 quomodo*
1012 2985 1053 3033 se
1077 2986 1209 3034 hab'et
1233 3002 1341 3034 cum
1365 2987 1516 3034 anima
1544 2986 1743 3034 hominis
1775 2985 1851 3034 seu
1891 3002 1999 3033 cum
2040 2984 2134 3050 ejus
2169 2987 2328 3051 spiritu
2359 2991 2410 3036 δε

405 3063 609 3112 corpore,
658 3068 740 3099 nec
778 3053 1018 3116 quomodo
1057 3052 1099 3101 se
1138 3053 1270 3101 habet
1303 3062 1413 3101 cum
1454 3053 1584 3102 coelis
1625 3055 1672 3100 in
1695 3053 1830 3101 altera
1852 3055 1979 3108 vita,
2024 3053 2166 3116 quod*
2189 3067 2276 3101 tres
2300 3053 2407 3101 coeli

402 3114 505 3170 sint,
540 3128 701 3163 notum
726 3118 807 3174 est,
842 3120 891 3167 ὅτ
914 3120 1042 3183 quod
1082 3136 1230 3168 unum
1258 3120 1436 3168 coelum
1472 3121 1527 3168 sit
1564 3120 1748 3174 interius
1781 3120 1934 3176 altere,
1967 3120 2016 3167 &
2055 3120 2182 3183 quod
2220 3120 2404 3167 tertium

404 3180 579 3230 coelum
615 3182 668 3230 fit
700 3184 953 3243 intimum;
990 3187 1099 3234 coeli
1138 3186 1204 3233 illi
1244 3186 1347 3235 sunt
1384 3187 1700 3235 distinctiffimi
1738 3188 1855 3236 inter
1886 3184 1928 3234 se
1951 3184 2197 3234 secundum
2221 3185 2407 3250 gradus,

1544 3253 1568 3302 1
1591 3254 1646 3301 ii
2330 3252 2413 3316 qui
