<?xml version="1.0" encoding="UTF-8"?>
<!DOCTYPE html PUBLIC "-//W3C//DTD XHTML 1.0 Transitional//EN"
    "http://www.w3.org/TR/xhtml1/DTD/xhtml1-transitional.dtd">
<html xmlns="http://www.w3.org/1999/xhtml" xml:lang="en" lang="en">
 <head>
  <title>
</title>
<meta http-equiv="Content-Type" content="text/html;charset=utf-8" />
  <meta name='ocr-system' content='tesseract 3.04.00' />
  <meta name='ocr-capabilities' content='ocr_page ocr_carea ocr_par ocr_line ocrx_word'/>
</head>
<body>
  <div class='ocr_page' id='page_1' title='image "arcanacaelestiaq03sweduoft_0143.png"; bbox 0 0 2872 3730; ppageno 0'>
   <div class='ocr_carea' id='block_1_1' title="bbox 579 179 2413 290">
    <p class='ocr_par' dir='ltr' id='par_1_1' title="bbox 579 157 2413 290">
     <span class='ocr_line' id='line_1_1' title="bbox 579 179 2413 290; baseline -0.002 -16"><span class='ocrx_word' id='word_1_1' title='bbox 579 208 934 277; x_wconf 84' lang='lat' dir='ltr'><strong>CAPUT</strong></span> <span class='ocrx_word' id='word_1_2' title='bbox 982 179 1592 271; x_wconf 73' lang='lat' dir='ltr'><strong>V1GE31MUM</strong></span> <span class='ocrx_word' id='word_1_3' title='bbox 1649 202 2191 290; x_wconf 68' lang='lat' dir='ltr'>QUARTUM.</span> <span class='ocrx_word' id='word_1_4' title='bbox 2283 228 2413 290; x_wconf 78' lang='lat'>139</span> 
     </span>
    </p>
   </div>
   <div class='ocr_carea' id='block_1_2' title="bbox 319 333 2408 3123">
    <p class='ocr_par' dir='ltr' id='par_1_2' title="bbox 319 333 2407 2458">
     <span class='ocr_line' id='line_1_2' title="bbox 408 333 2407 406; baseline -0.002 -16"><span class='ocrx_word' id='word_1_5' title='bbox 408 359 436 394; x_wconf 75' lang='lat' dir='ltr'>a</span> <span class='ocrx_word' id='word_1_6' title='bbox 456 340 781 406; x_wconf 56' lang='lat' dir='ltr'>significatione</span> <span class='ocrx_word' id='word_1_7' title='bbox 799 339 867 388; x_wconf 85' lang='lat' dir='ltr'>ire</span> <span class='ocrx_word' id='word_1_8' title='bbox 884 337 986 403; x_wconf 76' lang='lat' dir='ltr'>post</span> <span class='ocrx_word' id='word_1_9' title='bbox 1002 349 1084 400; x_wconf 51' lang='lat' dir='ltr'>,me</span> <span class='ocrx_word' id='word_1_10' title='bbox 1114 335 1188 384; x_wconf 72' lang='lat' dir='ltr'>fleu</span> <span class='ocrx_word' id='word_1_11' title='bbox 1220 335 1344 400; x_wconf 88' lang='lat' dir='ltr'>sequi</span> <span class='ocrx_word' id='word_1_12' title='bbox 1367 336 1426 384; x_wconf 84' lang='lat' dir='ltr'>ad</span> <span class='ocrx_word' id='word_1_13' title='bbox 1447 348 1612 385; x_wconf 81' lang='lat' dir='ltr'>terram</span> <span class='ocrx_word' id='word_1_14' title='bbox 1636 333 1774 390; x_wconf 81' lang='lat' dir='ltr'>hanc,</span> <span class='ocrx_word' id='word_1_15' title='bbox 1802 335 1931 397; x_wconf 83' lang='lat' dir='ltr'>quod</span> <span class='ocrx_word' id='word_1_16' title='bbox 1964 336 2018 383; x_wconf 76' lang='lat' dir='ltr'>sit</span> <span class='ocrx_word' id='word_1_17' title='bbox 2055 337 2236 399; x_wconf 82' lang='lat' dir='ltr'>separari</span> <span class='ocrx_word' id='word_1_18' title='bbox 2260 354 2285 385; x_wconf 92' lang='lat' dir='ltr'>a</span> <span class='ocrx_word' id='word_1_19' title='bbox 2305 337 2407 389; x_wconf 53' lang='lat' dir='ltr'>Na-⁸</span> 
     </span>
     <span class='ocr_line' id='line_1_3' title="bbox 404 400 2401 470; baseline -0.001 -15"><span class='ocrx_word' id='word_1_20' title='bbox 404 409 555 465; x_wconf 89' lang='lat' dir='ltr'>turali,</span> <span class='ocrx_word' id='word_1_21' title='bbox 590 409 640 456; x_wconf 87' lang='lat'>&amp;</span> <span class='ocrx_word' id='word_1_22' title='bbox 663 405 886 470; x_wconf 88' lang='lat' dir='ltr'>conjungi</span> <span class='ocrx_word' id='word_1_23' title='bbox 907 403 1151 458; x_wconf 57' lang='lat' dir='ltr'>Rathinai,</span> <span class='ocrx_word' id='word_1_24' title='bbox 1188 414 1303 449; x_wconf 87' lang='lat' dir='ltr'>terra</span> <span class='ocrx_word' id='word_1_25' title='bbox 1341 404 1468 449; x_wconf 86' lang='lat' dir='ltr'>enim</span> <span class='ocrx_word' id='word_1_26' title='bbox 1502 402 1575 451; x_wconf 84' lang='lat' dir='ltr'>hic</span> <span class='ocrx_word' id='word_1_27' title='bbox 1605 414 1658 448; x_wconf 85' lang='lat' dir='ltr'>ut</span> <span class='ocrx_word' id='word_1_28' title='bbox 1689 400 1819 464; x_wconf 88' lang='lat' dir='ltr'>supra</span> <span class='ocrx_word' id='word_1_29' title='bbox 1843 416 1904 448; x_wconf 86' lang='lat' dir='ltr'>n:</span> <span class='ocrx_word' id='word_1_30' title='bbox 1934 403 2097 466; x_wconf 73' lang='grc' dir='ltr'>3016Ἰ</span> <span class='ocrx_word' id='word_1_31' title='bbox 2127 402 2190 449; x_wconf 85' lang='lat' dir='ltr'>est</span> <span class='ocrx_word' id='word_1_32' title='bbox 2226 403 2401 453; x_wconf 84' lang='lat' dir='ltr'>bonum</span> 
     </span>
     <span class='ocr_line' id='line_1_4' title="bbox 402 466 2402 537; baseline -0.003 -14"><span class='ocrx_word' id='word_1_33' title='bbox 402 477 585 532; x_wconf 80' lang='lat' dir='ltr'>amoris,</span> <span class='ocrx_word' id='word_1_34' title='bbox 621 472 750 537; x_wconf 83' lang='lat' dir='ltr'>quod</span> <span class='ocrx_word' id='word_1_35' title='bbox 769 469 1046 525; x_wconf 69' lang='lat' dir='ltr'>Rationalis,</span> <span class='ocrx_word' id='word_1_36' title='bbox 1084 468 1213 531; x_wconf 85' lang='lat' dir='ltr'>quod</span> <span class='ocrx_word' id='word_1_37' title='bbox 1235 468 1462 515; x_wconf 83' lang='lat' dir='ltr'>dubitatio</span> <span class='ocrx_word' id='word_1_38' title='bbox 1484 468 1538 514; x_wconf 82' lang='lat' dir='ltr'>lit</span> <span class='ocrx_word' id='word_1_39' title='bbox 1561 467 1749 514; x_wconf 79' lang='lat' dir='ltr'>videtur.</span> <span class='ocrx_word' id='word_1_40' title='bbox 1765 466 1820 514; x_wconf 91' lang='lat' dir='ltr'>ab</span> <span class='ocrx_word' id='word_1_41' title='bbox 1841 483 1897 514; x_wconf 88' lang='lat' dir='ltr'>eo</span> <span class='ocrx_word' id='word_1_42' title='bbox 1919 468 2047 530; x_wconf 91' lang='lat' dir='ltr'>quod</span> <span class='ocrx_word' id='word_1_43' title='bbox 2071 468 2262 525; x_wconf 88' lang='lat' dir='ltr'>dicatur,</span> <span class='ocrx_word' id='word_1_44' title='bbox 2285 469 2402 517; x_wconf 87' lang='lat' dir='ltr'>forte</span> 
     </span>
     <span class='ocr_line' id='line_1_5' title="bbox 402 533 2399 599; baseline -0.005 -7"><span class='ocrx_word' id='word_1_45' title='bbox 402 557 497 593; x_wconf 76' lang='lat' dir='ltr'>non</span> <span class='ocrx_word' id='word_1_46' title='bbox 518 539 633 588; x_wconf 74' lang='lat' dir='ltr'>vult.</span> <span class='ocrx_word' id='word_1_47' title='bbox 701 538 779 587; x_wconf 85' lang='lat' dir='ltr'>Ex</span> <span class='ocrx_word' id='word_1_48' title='bbox 817 535 905 583; x_wconf 84' lang='lat' dir='ltr'>illis</span> <span class='ocrx_word' id='word_1_49' title='bbox 941 551 1050 599; x_wconf 84' lang='lat' dir='ltr'>quae</span> <span class='ocrx_word' id='word_1_50' title='bbox 1083 534 1215 598; x_wconf 84' lang='lat' dir='ltr'>supra</span> <span class='ocrx_word' id='word_1_51' title='bbox 1251 534 1372 582; x_wconf 65' lang='lat' dir='ltr'>diffl</span> <span class='ocrx_word' id='word_1_52' title='bbox 1408 533 1512 581; x_wconf 91' lang='lat' dir='ltr'>sunt</span> <span class='ocrx_word' id='word_1_53' title='bbox 1539 545 1678 596; x_wconf 88' lang='lat' dir='ltr'>patet,</span> <span class='ocrx_word' id='word_1_54' title='bbox 1713 533 1830 596; x_wconf 89' lang='lat' dir='ltr'>quid</span> <span class='ocrx_word' id='word_1_55' title='bbox 1867 534 1967 580; x_wconf 87' lang='lat' dir='ltr'>haec</span> <span class='ocrx_word' id='word_1_56' title='bbox 1998 534 2048 582; x_wconf 86' lang='lat'>&amp;</span> <span class='ocrx_word' id='word_1_57' title='bbox 2085 533 2308 597; x_wconf 87' lang='lat' dir='ltr'>sequentia</span> <span class='ocrx_word' id='word_1_58' title='bbox 2342 536 2399 583; x_wconf 86' lang='lat' dir='ltr'>ad</span> 
     </span>
     <span class='ocr_line' id='line_1_6' title="bbox 401 599 2398 666; baseline -0.003 -14"><span class='ocrx_word' id='word_1_59' title='bbox 401 605 543 655; x_wconf 68' lang='lat' dir='ltr'>Vefs:</span> <span class='ocrx_word' id='word_1_60' title='bbox 572 609 618 662; x_wconf 79' lang='lat'>8,</span> <span class='ocrx_word' id='word_1_61' title='bbox 654 604 883 666; x_wconf 66' lang='grc' dir='ltr'>δεροπσ,</span> <span class='ocrx_word' id='word_1_62' title='bbox 918 601 1163 654; x_wconf 77' lang='lat' dir='ltr'>involvunt</span> <span class='ocrx_word' id='word_1_63' title='bbox 1188 623 1205 657; x_wconf 76' lang='lat'>3</span> <span class='ocrx_word' id='word_1_64' title='bbox 1251 616 1358 664; x_wconf 83' lang='lat' dir='ltr'>quae</span> <span class='ocrx_word' id='word_1_65' title='bbox 1397 613 1452 647; x_wconf 87' lang='lat' dir='ltr'>ut</span> <span class='ocrx_word' id='word_1_66' title='bbox 1490 599 1653 649; x_wconf 80' lang='lat' dir='ltr'>mellus</span> <span class='ocrx_word' id='word_1_67' title='bbox 1695 600 2021 662; x_wconf 77' lang='lat' dir='ltr'>intelligantur,</span> <span class='ocrx_word' id='word_1_68' title='bbox 2058 599 2214 664; x_wconf 79' lang='lat' dir='ltr'>paucis</span> <span class='ocrx_word' id='word_1_69' title='bbox 2252 601 2398 653; x_wconf 84' lang='lat' dir='ltr'>adhuc</span> 
     </span>
     <span class='ocr_line' id='line_1_7' title="bbox 398 666 2399 732; baseline -0.003 -13"><span class='ocrx_word' id='word_1_70' title='bbox 398 671 678 723; x_wconf 77' lang='lat' dir='ltr'>dicendum:</span> <span class='ocrx_word' id='word_1_71' title='bbox 714 667 957 717; x_wconf 80' lang='lat' dir='ltr'>Rationale</span> <span class='ocrx_word' id='word_1_72' title='bbox 977 669 1230 732; x_wconf 83' lang='lat' dir='ltr'>genuinum</span> <span class='ocrx_word' id='word_1_73' title='bbox 1255 668 1309 728; x_wconf 71' lang='lat' dir='ltr'>est</span> <span class='ocrx_word' id='word_1_74' title='bbox 1324 683 1380 714; x_wconf 87' lang='lat' dir='ltr'>ex</span> <span class='ocrx_word' id='word_1_75' title='bbox 1397 667 1537 724; x_wconf 87' lang='lat' dir='ltr'>bono,</span> <span class='ocrx_word' id='word_1_76' title='bbox 1561 668 1612 715; x_wconf 86' lang='lat'>&amp;</span> <span class='ocrx_word' id='word_1_77' title='bbox 1629 667 1767 727; x_wconf 86' lang='lat' dir='ltr'>existit</span> <span class='ocrx_word' id='word_1_78' title='bbox 1790 682 1848 713; x_wconf 87' lang='lat' dir='ltr'>ex</span> <span class='ocrx_word' id='word_1_79' title='bbox 1869 681 1978 713; x_wconf 90' lang='lat' dir='ltr'>vero</span> <span class='ocrx_word' id='word_1_80' title='bbox 1998 689 2012 721; x_wconf 86' lang='lat'>;</span> <span class='ocrx_word' id='word_1_81' title='bbox 2051 666 2227 715; x_wconf 88' lang='lat' dir='ltr'>bonurn</span> <span class='ocrx_word' id='word_1_82' title='bbox 2251 666 2399 713; x_wconf 87' lang='lat' dir='ltr'>influit</span> 
     </span>
     <span class='ocr_line' id='line_1_8' title="bbox 398 732 2398 803; baseline -0.004 -18"><span class='ocrx_word' id='word_1_83' title='bbox 398 753 481 803; x_wconf 82' lang='lat' dir='ltr'>per</span> <span class='ocrx_word' id='word_1_84' title='bbox 499 738 626 785; x_wconf 76' lang='lat' dir='ltr'>viam</span> <span class='ocrx_word' id='word_1_85' title='bbox 650 737 888 792; x_wconf 82' lang='lat' dir='ltr'>internam,</span> <span class='ocrx_word' id='word_1_86' title='bbox 924 750 1087 782; x_wconf 83' lang='lat' dir='ltr'>verum</span> <span class='ocrx_word' id='word_1_87' title='bbox 1126 746 1280 782; x_wconf 84' lang='lat' dir='ltr'>autem</span> <span class='ocrx_word' id='word_1_88' title='bbox 1313 750 1394 799; x_wconf 89' lang='lat' dir='ltr'>per</span> <span class='ocrx_word' id='word_1_89' title='bbox 1423 736 1547 781; x_wconf 88' lang='lat' dir='ltr'>viam</span> <span class='ocrx_word' id='word_1_90' title='bbox 1586 746 1854 788; x_wconf 75' lang='lat' dir='ltr'>externam3</span> <span class='ocrx_word' id='word_1_91' title='bbox 1890 732 2065 780; x_wconf 88' lang='lat' dir='ltr'>bonum</span> <span class='ocrx_word' id='word_1_92' title='bbox 2090 748 2200 780; x_wconf 88' lang='lat' dir='ltr'>cum</span> <span class='ocrx_word' id='word_1_93' title='bbox 2224 747 2334 780; x_wconf 85' lang='lat' dir='ltr'>vero</span> <span class='ocrx_word' id='word_1_94' title='bbox 2356 732 2398 778; x_wconf 86' lang='lat' dir='ltr'>se</span> 
     </span>
     <span class='ocr_line' id='line_1_9' title="bbox 394 797 2397 866; baseline -0.004 -12"><span class='ocrx_word' id='word_1_95' title='bbox 394 803 460 854; x_wconf 72' lang='lat' dir='ltr'>sic</span> <span class='ocrx_word' id='word_1_96' title='bbox 487 804 536 851; x_wconf 90' lang='lat' dir='ltr'>in</span> <span class='ocrx_word' id='word_1_97' title='bbox 557 801 785 853; x_wconf 82' lang='lat' dir='ltr'>Rationali</span> <span class='ocrx_word' id='word_1_98' title='bbox 807 799 1064 866; x_wconf 87' lang='lat' dir='ltr'>conjungit,</span> <span class='ocrx_word' id='word_1_99' title='bbox 1099 801 1151 850; x_wconf 84' lang='lat'>&amp;</span> <span class='ocrx_word' id='word_1_100' title='bbox 1183 799 1356 848; x_wconf 88' lang='lat' dir='ltr'>faciunt</span> <span class='ocrx_word' id='word_1_101' title='bbox 1388 813 1440 848; x_wconf 90' lang='lat' dir='ltr'>ut</span> <span class='ocrx_word' id='word_1_102' title='bbox 1468 800 1523 848; x_wconf 91' lang='lat' dir='ltr'>fit</span> <span class='ocrx_word' id='word_1_103' title='bbox 1545 799 1818 855; x_wconf 88' lang='lat' dir='ltr'>Rationale;</span> <span class='ocrx_word' id='word_1_104' title='bbox 1854 799 1936 846; x_wconf 80' lang='lat' dir='ltr'>nili</span> <span class='ocrx_word' id='word_1_105' title='bbox 1975 799 2151 846; x_wconf 89' lang='lat' dir='ltr'>bonum</span> <span class='ocrx_word' id='word_1_106' title='bbox 2188 797 2251 845; x_wconf 90' lang='lat' dir='ltr'>ibi</span> <span class='ocrx_word' id='word_1_107' title='bbox 2286 814 2397 846; x_wconf 87' lang='lat' dir='ltr'>con-</span> 
     </span>
     <span class='ocr_line' id='line_1_10' title="bbox 319 865 2401 935; baseline -0.004 -16"><span class='ocrx_word' id='word_1_108' title='bbox 319 905 323 908; x_wconf 44' lang='lat'>«</span> <span class='ocrx_word' id='word_1_109' title='bbox 385 867 606 935; x_wconf 62' lang='lat' dir='ltr'>junctum</span> <span class='ocrx_word' id='word_1_110' title='bbox 630 868 684 916; x_wconf 89' lang='lat' dir='ltr'>fit</span> <span class='ocrx_word' id='word_1_111' title='bbox 702 884 813 917; x_wconf 88' lang='lat' dir='ltr'>cum</span> <span class='ocrx_word' id='word_1_112' title='bbox 836 883 965 925; x_wconf 87' lang='lat' dir='ltr'>vero,</span> <span class='ocrx_word' id='word_1_113' title='bbox 986 884 1093 917; x_wconf 81' lang='lat' dir='ltr'>non</span> <span class='ocrx_word' id='word_1_114' title='bbox 1113 866 1179 916; x_wconf 89' lang='lat' dir='ltr'>est</span> <span class='ocrx_word' id='word_1_115' title='bbox 1199 867 1454 924; x_wconf 82' lang='lat' dir='ltr'>Rationale,</span> <span class='ocrx_word' id='word_1_116' title='bbox 1488 866 1664 914; x_wconf 77' lang='lat' dir='ltr'>tametsi</span> <span class='ocrx_word' id='word_1_117' title='bbox 1695 877 1904 930; x_wconf 83' lang='lat' dir='ltr'>appareat</span> <span class='ocrx_word' id='word_1_118' title='bbox 1925 882 1983 912; x_wconf 87' lang='lat' dir='ltr'>ex</span> <span class='ocrx_word' id='word_1_119' title='bbox 2004 881 2076 922; x_wconf 88' lang='lat' dir='ltr'>eo,</span> <span class='ocrx_word' id='word_1_120' title='bbox 2110 865 2241 929; x_wconf 91' lang='lat' dir='ltr'>quod</span> <span class='ocrx_word' id='word_1_121' title='bbox 2265 866 2401 912; x_wconf 89' lang='lat' dir='ltr'>ratio-</span> 
     </span>
     <span class='ocr_line' id='line_1_11' title="bbox 394 931 2399 1000; baseline -0.003 -15"><span class='ocrx_word' id='word_1_122' title='bbox 394 936 537 985; x_wconf 84' lang='lat' dir='ltr'>cinari</span> <span class='ocrx_word' id='word_1_123' title='bbox 575 936 710 1000; x_wconf 84' lang='lat' dir='ltr'>poffit</span> <span class='ocrx_word' id='word_1_124' title='bbox 746 935 907 992; x_wconf 87' lang='lat' dir='ltr'>homo,</span> <span class='ocrx_word' id='word_1_125' title='bbox 941 935 1070 999; x_wconf 88' lang='lat' dir='ltr'>quod</span> <span class='ocrx_word' id='word_1_126' title='bbox 1092 933 1164 991; x_wconf 84' lang='lat' dir='ltr'>fit,</span> <span class='ocrx_word' id='word_1_127' title='bbox 1199 951 1261 982; x_wconf 91' lang='lat' dir='ltr'>n:</span> <span class='ocrx_word' id='word_1_128' title='bbox 1293 949 1418 998; x_wconf 90' lang='lat'>1944</span> <span class='ocrx_word' id='word_1_129' title='bbox 1435 955 1452 990; x_wconf 52' lang='grc' dir='ltr'><strong>ἱ</strong></span> <span class='ocrx_word' id='word_1_130' title='bbox 1486 933 1586 980; x_wconf 88' lang='lat' dir='ltr'>haec</span> <span class='ocrx_word' id='word_1_131' title='bbox 1623 931 1688 981; x_wconf 86' lang='lat' dir='ltr'>est</span> <span class='ocrx_word' id='word_1_132' title='bbox 1722 934 1799 980; x_wconf 91' lang='lat' dir='ltr'>via</span> <span class='ocrx_word' id='word_1_133' title='bbox 1833 933 2112 990; x_wconf 88' lang='lat' dir='ltr'>communis,</span> <span class='ocrx_word' id='word_1_134' title='bbox 2148 947 2229 995; x_wconf 92' lang='lat' dir='ltr'>per</span> <span class='ocrx_word' id='word_1_135' title='bbox 2257 946 2399 994; x_wconf 86' lang='lat' dir='ltr'>quam</span> 
     </span>
     <span class='ocr_line' id='line_1_12' title="bbox 395 997 2400 1066; baseline -0.003 -16"><span class='ocrx_word' id='word_1_136' title='bbox 395 1003 635 1065; x_wconf 79' lang='lat' dir='ltr'>Rationale</span> <span class='ocrx_word' id='word_1_137' title='bbox 670 1002 796 1066; x_wconf 82' lang='lat' dir='ltr'>apud</span> <span class='ocrx_word' id='word_1_138' title='bbox 830 1001 1067 1053; x_wconf 82' lang='lat' dir='ltr'>hominem</span> <span class='ocrx_word' id='word_1_139' title='bbox 1101 999 1354 1050; x_wconf 84' lang='lat' dir='ltr'>formatur:</span> <span class='ocrx_word' id='word_1_140' title='bbox 1391 1001 1625 1048; x_wconf 83' lang='lat' dir='ltr'>Dominus</span> <span class='ocrx_word' id='word_1_141' title='bbox 1652 1001 1760 1064; x_wconf 82' lang='lat' dir='ltr'>quia</span> <span class='ocrx_word' id='word_1_142' title='bbox 1796 1011 1926 1047; x_wconf 87' lang='lat' dir='ltr'>natus</span> <span class='ocrx_word' id='word_1_143' title='bbox 1959 999 2074 1046; x_wconf 86' lang='lat' dir='ltr'>ficut</span> <span class='ocrx_word' id='word_1_144' title='bbox 2104 997 2216 1047; x_wconf 88' lang='lat' dir='ltr'>alius</span> <span class='ocrx_word' id='word_1_145' title='bbox 2240 997 2400 1053; x_wconf 85' lang='lat' dir='ltr'>homo,</span> 
     </span>
     <span class='ocr_line' id='line_1_13' title="bbox 393 1063 2398 1131; baseline -0.005 -10"><span class='ocrx_word' id='word_1_146' title='bbox 393 1069 446 1121; x_wconf 71' lang='grc' dir='ltr'>δε</span> <span class='ocrx_word' id='word_1_147' title='bbox 469 1068 618 1119; x_wconf 80' lang='lat' dir='ltr'>voluit</span> <span class='ocrx_word' id='word_1_148' title='bbox 639 1068 798 1116; x_wconf 83' lang='lat' dir='ltr'>instrui</span> <span class='ocrx_word' id='word_1_149' title='bbox 819 1067 935 1117; x_wconf 84' lang='lat' dir='ltr'>ficut</span> <span class='ocrx_word' id='word_1_150' title='bbox 962 1068 1075 1118; x_wconf 86' lang='lat' dir='ltr'>alius</span> <span class='ocrx_word' id='word_1_151' title='bbox 1111 1067 1272 1125; x_wconf 90' lang='lat' dir='ltr'>homo,</span> <span class='ocrx_word' id='word_1_152' title='bbox 1307 1069 1369 1115; x_wconf 92' lang='lat' dir='ltr'>ita</span> <span class='ocrx_word' id='word_1_153' title='bbox 1388 1082 1575 1131; x_wconf 88' lang='lat' dir='ltr'>quoque</span> <span class='ocrx_word' id='word_1_154' title='bbox 1598 1066 1803 1114; x_wconf 84' lang='lat' dir='ltr'>fimiliter</span> <span class='ocrx_word' id='word_1_155' title='bbox 1823 1066 1973 1114; x_wconf 89' lang='lat' dir='ltr'>voluit</span> <span class='ocrx_word' id='word_1_156' title='bbox 1992 1063 2136 1113; x_wconf 84' lang='lat' dir='ltr'>facere</span> <span class='ocrx_word' id='word_1_157' title='bbox 2159 1064 2398 1112; x_wconf 77' lang='lat' dir='ltr'>Rationale</span> 
     </span>
     <span class='ocr_line' id='line_1_14' title="bbox 395 1131 2400 1199; baseline -0.002 -16"><span class='ocrx_word' id='word_1_158' title='bbox 395 1135 528 1186; x_wconf 87' lang='lat' dir='ltr'>suum</span> <span class='ocrx_word' id='word_1_159' title='bbox 550 1136 800 1192; x_wconf 83' lang='lat' dir='ltr'>Divinum,</span> <span class='ocrx_word' id='word_1_160' title='bbox 835 1151 1002 1199; x_wconf 86' lang='lat' dir='ltr'>nempe</span> <span class='ocrx_word' id='word_1_161' title='bbox 1033 1133 1188 1198; x_wconf 85' lang='lat' dir='ltr'>quoad</span> <span class='ocrx_word' id='word_1_162' title='bbox 1205 1135 1389 1186; x_wconf 85' lang='lat' dir='ltr'>Bonum</span> <span class='ocrx_word' id='word_1_163' title='bbox 1412 1149 1494 1197; x_wconf 89' lang='lat' dir='ltr'>per</span> <span class='ocrx_word' id='word_1_164' title='bbox 1522 1134 1749 1180; x_wconf 86' lang='lat' dir='ltr'>influxum</span> <span class='ocrx_word' id='word_1_165' title='bbox 1771 1148 1830 1180; x_wconf 79' lang='lat' dir='ltr'>ex</span> <span class='ocrx_word' id='word_1_166' title='bbox 1852 1132 1949 1179; x_wconf 91' lang='lat' dir='ltr'>Suo</span> <span class='ocrx_word' id='word_1_167' title='bbox 1967 1132 2149 1193; x_wconf 77' lang='lat' dir='ltr'>Divino</span> <span class='ocrx_word' id='word_1_168' title='bbox 2172 1131 2400 1195; x_wconf 79' lang='lat' dir='ltr'>perviam</span> 
     </span>
     <span class='ocr_line' id='line_1_15' title="bbox 394 1199 2401 1265; baseline -0.002 -16"><span class='ocrx_word' id='word_1_169' title='bbox 394 1202 634 1259; x_wconf 70' lang='lat' dir='ltr'>internam,</span> <span class='ocrx_word' id='word_1_170' title='bbox 669 1202 720 1251; x_wconf 68' lang='lat' dir='ltr'>ec</span> <span class='ocrx_word' id='word_1_171' title='bbox 739 1201 896 1265; x_wconf 85' lang='lat' dir='ltr'>quoad</span> <span class='ocrx_word' id='word_1_172' title='bbox 919 1202 1095 1249; x_wconf 86' lang='lat' dir='ltr'>Verum</span> <span class='ocrx_word' id='word_1_173' title='bbox 1134 1210 1217 1264; x_wconf 88' lang='lat' dir='ltr'>per</span> <span class='ocrx_word' id='word_1_174' title='bbox 1252 1200 1482 1247; x_wconf 84' lang='lat' dir='ltr'>influxum</span> <span class='ocrx_word' id='word_1_175' title='bbox 1517 1214 1599 1263; x_wconf 88' lang='lat' dir='ltr'>per</span> <span class='ocrx_word' id='word_1_176' title='bbox 1637 1201 1760 1247; x_wconf 87' lang='lat' dir='ltr'>viam</span> <span class='ocrx_word' id='word_1_177' title='bbox 1800 1210 2030 1247; x_wconf 83' lang='lat' dir='ltr'>externam</span> <span class='ocrx_word' id='word_1_178' title='bbox 2049 1221 2065 1254; x_wconf 93' lang='lat'>·,</span> <span class='ocrx_word' id='word_1_179' title='bbox 2100 1212 2212 1247; x_wconf 88' lang='lat' dir='ltr'>cum</span> <span class='ocrx_word' id='word_1_180' title='bbox 2250 1199 2401 1261; x_wconf 84' lang='lat' dir='ltr'>itaque</span> 
     </span>
     <span class='ocr_line' id='line_1_16' title="bbox 348 1264 2398 1331; baseline -0.002 -14"><span class='ocrx_word' id='word_1_181' title='bbox 348 1316 351 1317; x_wconf 10' lang='grc' dir='ltr'><em>γ</em></span> <span class='ocrx_word' id='word_1_182' title='bbox 395 1267 636 1320; x_wconf 82' lang='lat' dir='ltr'>Rationale</span> <span class='ocrx_word' id='word_1_183' title='bbox 673 1267 826 1331; x_wconf 83' lang='lat' dir='ltr'>quoad</span> <span class='ocrx_word' id='word_1_184' title='bbox 860 1269 1045 1318; x_wconf 86' lang='lat' dir='ltr'>Bonum</span> <span class='ocrx_word' id='word_1_185' title='bbox 1083 1264 1336 1320; x_wconf 77' lang='lat' dir='ltr'>formatum</span> <span class='ocrx_word' id='word_1_186' title='bbox 1374 1265 1455 1323; x_wconf 90' lang='lat' dir='ltr'>est,</span> <span class='ocrx_word' id='word_1_187' title='bbox 1491 1265 1632 1330; x_wconf 87' lang='lat' dir='ltr'>usque</span> <span class='ocrx_word' id='word_1_188' title='bbox 1654 1266 1784 1322; x_wconf 87' lang='lat' dir='ltr'>adeo,</span> <span class='ocrx_word' id='word_1_189' title='bbox 1818 1277 1872 1313; x_wconf 90' lang='lat' dir='ltr'>ut</span> <span class='ocrx_word' id='word_1_190' title='bbox 1908 1266 1956 1312; x_wconf 91' lang='lat' dir='ltr'>in</span> <span class='ocrx_word' id='word_1_191' title='bbox 1993 1264 2111 1313; x_wconf 89' lang='lat' dir='ltr'>statu</span> <span class='ocrx_word' id='word_1_192' title='bbox 2149 1264 2255 1312; x_wconf 81' lang='lat' dir='ltr'>ess&#39;et</span> <span class='ocrx_word' id='word_1_193' title='bbox 2286 1265 2398 1312; x_wconf 86' lang='lat' dir='ltr'>reci-</span> 
     </span>
     <span class='ocr_line' id='line_1_17' title="bbox 395 1330 2398 1398; baseline -0.001 -17"><span class='ocrx_word' id='word_1_194' title='bbox 395 1334 553 1398; x_wconf 87' lang='lat' dir='ltr'>piendi</span> <span class='ocrx_word' id='word_1_195' title='bbox 577 1349 758 1392; x_wconf 90' lang='lat' dir='ltr'>verum,</span> <span class='ocrx_word' id='word_1_196' title='bbox 792 1333 920 1398; x_wconf 90' lang='lat' dir='ltr'>quod</span> <span class='ocrx_word' id='word_1_197' title='bbox 957 1332 1237 1393; x_wconf 59' lang='lat' dir='ltr'>intellectum</span> <span class='ocrx_word' id='word_1_198' title='bbox 1274 1349 1354 1396; x_wconf 87' lang='lat' dir='ltr'>per</span> <span class='ocrx_word' id='word_1_199' title='bbox 1374 1332 1515 1381; x_wconf 83' lang='lat' dir='ltr'>verba</span> <span class='ocrx_word' id='word_1_200' title='bbox 1548 1334 1596 1380; x_wconf 88' lang='lat' dir='ltr'>in</span> <span class='ocrx_word' id='word_1_201' title='bbox 1625 1333 1852 1398; x_wconf 83' lang='lat' dir='ltr'>principio</span> <span class='ocrx_word' id='word_1_202' title='bbox 1881 1330 2015 1396; x_wconf 89' lang='lat' dir='ltr'>hujus</span> <span class='ocrx_word' id='word_1_203' title='bbox 2039 1331 2232 1396; x_wconf 84' lang='lat' dir='ltr'>Capitis,</span> <span class='ocrx_word' id='word_1_204' title='bbox 2268 1335 2302 1357; x_wconf 92' lang='lat'><strong>“</strong></span> <span class='ocrx_word' id='word_1_205' title='bbox 2325 1331 2398 1390; x_wconf 56' lang='lat' dir='ltr'>Ae</span> 
     </span>
     <span class='ocr_line' id='line_1_18' title="bbox 395 1394 2397 1461; baseline -0.003 -12"><span class='ocrx_word' id='word_1_206' title='bbox 395 1400 582 1450; x_wconf 87' lang='lat' dir='ltr'>braham</span> <span class='ocrx_word' id='word_1_207' title='bbox 617 1399 765 1449; x_wconf 60' lang='lat' dir='ltr'>senex.</span> <span class='ocrx_word' id='word_1_208' title='bbox 785 1401 914 1449; x_wconf 80' lang='lat' dir='ltr'>venit</span> <span class='ocrx_word' id='word_1_209' title='bbox 948 1403 995 1448; x_wconf 89' lang='lat' dir='ltr'>in</span> <span class='ocrx_word' id='word_1_210' title='bbox 1033 1399 1146 1457; x_wconf 86' lang='lat' dir='ltr'>dies,</span> <span class='ocrx_word' id='word_1_211' title='bbox 1179 1400 1231 1448; x_wconf 79' lang='grc' dir='ltr'>δε</span> <span class='ocrx_word' id='word_1_212' title='bbox 1255 1399 1462 1461; x_wconf 90' lang='lat' dir='ltr'>Jehovah</span> <span class='ocrx_word' id='word_1_213' title='bbox 1486 1399 1716 1454; x_wconf 82' lang='lat' dir='ltr'>benedixit</span> <span class='ocrx_word' id='word_1_214' title='bbox 1741 1398 2006 1447; x_wconf 86' lang='lat' dir='ltr'>Abrahamo</span> <span class='ocrx_word' id='word_1_215' title='bbox 2041 1399 2091 1446; x_wconf 89' lang='lat' dir='ltr'>in</span> <span class='ocrx_word' id='word_1_216' title='bbox 2129 1394 2397 1453; x_wconf 78' lang='lat' dir='ltr'>omnibuS,’&#39;</span> 
     </span>
     <span class='ocr_line' id='line_1_19' title="bbox 394 1462 2400 1532; baseline -0.002 -17"><span class='ocrx_word' id='word_1_217' title='bbox 394 1467 562 1532; x_wconf 87' lang='lat' dir='ltr'>quibus</span> <span class='ocrx_word' id='word_1_218' title='bbox 583 1467 711 1531; x_wconf 90' lang='lat' dir='ltr'>quod</span> <span class='ocrx_word' id='word_1_219' title='bbox 734 1466 1056 1531; x_wconf 85' lang='lat' dir='ltr'>fignificatum,</span> <span class='ocrx_word' id='word_1_220' title='bbox 1092 1482 1203 1514; x_wconf 88' lang='lat' dir='ltr'>cum</span> <span class='ocrx_word' id='word_1_221' title='bbox 1226 1465 1389 1514; x_wconf 86' lang='lat' dir='ltr'>adeffet</span> <span class='ocrx_word' id='word_1_222' title='bbox 1410 1466 1566 1522; x_wconf 86' lang='lat' dir='ltr'>status,</span> <span class='ocrx_word' id='word_1_223' title='bbox 1599 1466 1732 1529; x_wconf 89' lang='lat' dir='ltr'>quod</span> <span class='ocrx_word' id='word_1_224' title='bbox 1754 1467 2033 1513; x_wconf 88' lang='lat' dir='ltr'>Humanum</span> <span class='ocrx_word' id='word_1_225' title='bbox 2053 1462 2251 1511; x_wconf 86' lang='lat' dir='ltr'>Domini</span> <span class='ocrx_word' id='word_1_226' title='bbox 2273 1462 2400 1511; x_wconf 83' lang='lat' dir='ltr'>fieret</span> 
     </span>
     <span class='ocr_line' id='line_1_20' title="bbox 394 1529 2396 1594; baseline -0.001 -13"><span class='ocrx_word' id='word_1_227' title='bbox 394 1535 644 1588; x_wconf 63' lang='lat' dir='ltr'>Divinum,</span> <span class='ocrx_word' id='word_1_228' title='bbox 677 1533 729 1579; x_wconf 87' lang='lat'>&amp;</span> <span class='ocrx_word' id='word_1_229' title='bbox 751 1534 802 1579; x_wconf 87' lang='lat' dir='ltr'>in</span> <span class='ocrx_word' id='word_1_230' title='bbox 821 1531 1054 1583; x_wconf 67' lang='lat' dir='ltr'>Divinum</span> <span class='ocrx_word' id='word_1_231' title='bbox 1075 1532 1287 1579; x_wconf 58' lang='lat' dir='ltr'>ordinum</span> <span class='ocrx_word' id='word_1_232' title='bbox 1322 1534 1478 1578; x_wconf 81' lang='lat' dir='ltr'>omnia</span> <span class='ocrx_word' id='word_1_233' title='bbox 1503 1531 1713 1594; x_wconf 67' lang='lat' dir='ltr'>disposita</span> <span class='ocrx_word' id='word_1_234' title='bbox 1740 1531 1893 1587; x_wconf 74' lang='lat' dir='ltr'>essent,</span> <span class='ocrx_word' id='word_1_235' title='bbox 1929 1531 2137 1579; x_wconf 81' lang='lat' dir='ltr'>videatur</span> <span class='ocrx_word' id='word_1_236' title='bbox 2159 1546 2222 1577; x_wconf 90' lang='lat' dir='ltr'>n:</span> <span class='ocrx_word' id='word_1_237' title='bbox 2281 1529 2396 1579; x_wconf 87' lang='lat'>016.</span> 
     </span>
     <span class='ocr_line' id='line_1_21' title="bbox 396 1593 2400 1663; baseline -0.002 -15"><span class='ocrx_word' id='word_1_238' title='bbox 396 1614 545 1663; x_wconf 86' lang='lat'>3017,</span> <span class='ocrx_word' id='word_1_239' title='bbox 596 1602 719 1645; x_wconf 84' lang='lat' dir='ltr'>hunc</span> <span class='ocrx_word' id='word_1_240' title='bbox 758 1593 975 1660; x_wconf 90' lang='lat' dir='ltr'>sequitur,</span> <span class='ocrx_word' id='word_1_241' title='bbox 1009 1595 1136 1659; x_wconf 89' lang='lat' dir='ltr'>quod</span> <span class='ocrx_word' id='word_1_242' title='bbox 1175 1597 1307 1643; x_wconf 92' lang='lat' dir='ltr'>Bono</span> <span class='ocrx_word' id='word_1_243' title='bbox 1342 1597 1596 1650; x_wconf 87' lang='lat' dir='ltr'>Rationalis</span> <span class='ocrx_word' id='word_1_244' title='bbox 1617 1597 1796 1644; x_wconf 89' lang='lat' dir='ltr'>Verum</span> <span class='ocrx_word' id='word_1_245' title='bbox 1830 1594 2205 1660; x_wconf 84' lang='lat' dir='ltr'>conjungendum</span> <span class='ocrx_word' id='word_1_246' title='bbox 2260 1607 2314 1652; x_wconf 83' lang='lat' dir='ltr'>lt,</span> <span class='ocrx_word' id='word_1_247' title='bbox 2347 1596 2400 1644; x_wconf 77' lang='grc' dir='ltr'>ὅτ</span> 
     </span>
     <span class='ocr_line' id='line_1_22' title="bbox 394 1661 2403 1727; baseline -0.003 -13"><span class='ocrx_word' id='word_1_248' title='bbox 394 1665 502 1722; x_wconf 87' lang='lat' dir='ltr'>hoc,</span> <span class='ocrx_word' id='word_1_249' title='bbox 537 1674 591 1712; x_wconf 88' lang='lat' dir='ltr'>ut</span> <span class='ocrx_word' id='word_1_250' title='bbox 611 1663 808 1720; x_wconf 65' lang='lat' dir='ltr'>ditstum,</span> <span class='ocrx_word' id='word_1_251' title='bbox 844 1675 930 1727; x_wconf 85' lang='lat' dir='ltr'>per</span> <span class='ocrx_word' id='word_1_252' title='bbox 948 1663 1072 1710; x_wconf 83' lang='lat' dir='ltr'>viam</span> <span class='ocrx_word' id='word_1_253' title='bbox 1095 1677 1416 1719; x_wconf 86' lang='lat' dir='ltr'>communem,</span> <span class='ocrx_word' id='word_1_254' title='bbox 1448 1663 1538 1710; x_wconf 87' lang='lat' dir='ltr'>hoc</span> <span class='ocrx_word' id='word_1_255' title='bbox 1560 1661 1640 1719; x_wconf 86' lang='lat' dir='ltr'>est,</span> <span class='ocrx_word' id='word_1_256' title='bbox 1676 1678 1756 1726; x_wconf 90' lang='lat' dir='ltr'>per</span> <span class='ocrx_word' id='word_1_257' title='bbox 1779 1661 2022 1710; x_wconf 80' lang='lat' dir='ltr'>scientifica</span> <span class='ocrx_word' id='word_1_258' title='bbox 2045 1664 2093 1710; x_wconf 87' lang='lat'>&amp;</span> <span class='ocrx_word' id='word_1_259' title='bbox 2117 1661 2403 1726; x_wconf 83' lang='lat' dir='ltr'>cognitiones</span> 
     </span>
     <span class='ocr_line' id='line_1_23' title="bbox 392 1726 2402 1794; baseline -0 -16"><span class='ocrx_word' id='word_1_260' title='bbox 392 1746 422 1778; x_wconf 86' lang='lat' dir='ltr'>e</span> <span class='ocrx_word' id='word_1_261' title='bbox 442 1729 634 1781; x_wconf 82' lang='lat' dir='ltr'>naturali</span> <span class='ocrx_word' id='word_1_262' title='bbox 653 1729 872 1781; x_wconf 75' lang='lat' dir='ltr'>homine:</span> <span class='ocrx_word' id='word_1_263' title='bbox 908 1727 1058 1794; x_wconf 85' lang='lat' dir='ltr'>ipsum</span> <span class='ocrx_word' id='word_1_264' title='bbox 1082 1731 1268 1779; x_wconf 80' lang='lat' dir='ltr'>Bonum</span> <span class='ocrx_word' id='word_1_265' title='bbox 1291 1729 1558 1787; x_wconf 76' lang='lat' dir='ltr'>Rationali5‚</span> <span class='ocrx_word' id='word_1_266' title='bbox 1593 1729 1722 1793; x_wconf 90' lang='lat' dir='ltr'>quod</span> <span class='ocrx_word' id='word_1_267' title='bbox 1754 1726 1980 1776; x_wconf 86' lang='lat' dir='ltr'>formatur</span> <span class='ocrx_word' id='word_1_268' title='bbox 2013 1744 2095 1793; x_wconf 78' lang='lat' dir='ltr'>per</span> <span class='ocrx_word' id='word_1_269' title='bbox 2115 1729 2242 1775; x_wconf 88' lang='lat' dir='ltr'>viam</span> <span class='ocrx_word' id='word_1_270' title='bbox 2265 1728 2402 1780; x_wconf 72' lang='lat' dir='ltr'>inter.-</span> 
     </span>
     <span class='ocr_line' id='line_1_24' title="bbox 393 1793 2403 1861; baseline -0.002 -14"><span class='ocrx_word' id='word_1_271' title='bbox 393 1813 521 1856; x_wconf 76' lang='lat' dir='ltr'>nam,</span> <span class='ocrx_word' id='word_1_272' title='bbox 555 1796 620 1846; x_wconf 89' lang='lat' dir='ltr'>est</span> <span class='ocrx_word' id='word_1_273' title='bbox 641 1796 735 1861; x_wconf 80' lang='lat' dir='ltr'>ipsa</span> <span class='ocrx_word' id='word_1_274' title='bbox 766 1796 954 1854; x_wconf 79' lang='lat' dir='ltr'>humus,</span> <span class='ocrx_word' id='word_1_275' title='bbox 988 1794 1167 1845; x_wconf 86' lang='lat' dir='ltr'>Verum</span> <span class='ocrx_word' id='word_1_276' title='bbox 1197 1808 1349 1845; x_wconf 90' lang='lat' dir='ltr'>autem</span> <span class='ocrx_word' id='word_1_277' title='bbox 1387 1795 1454 1844; x_wconf 90' lang='lat' dir='ltr'>est</span> <span class='ocrx_word' id='word_1_278' title='bbox 1491 1795 1641 1844; x_wconf 85' lang='lat' dir='ltr'>semen</span> <span class='ocrx_word' id='word_1_279' title='bbox 1679 1795 1810 1859; x_wconf 89' lang='lat' dir='ltr'>quod</span> <span class='ocrx_word' id='word_1_280' title='bbox 1840 1795 1988 1843; x_wconf 88' lang='lat' dir='ltr'>humo</span> <span class='ocrx_word' id='word_1_281' title='bbox 2022 1793 2095 1842; x_wconf 86' lang='lat' dir='ltr'>isti</span> <span class='ocrx_word' id='word_1_282' title='bbox 2135 1793 2403 1845; x_wconf 83' lang='lat' dir='ltr'>inseminan-</span> 
     </span>
     <span class='ocr_line' id='line_1_25' title="bbox 392 1859 2403 1927; baseline -0.002 -12"><span class='ocrx_word' id='word_1_283' title='bbox 392 1863 511 1915; x_wconf 82' lang='lat' dir='ltr'>dum</span> <span class='ocrx_word' id='word_1_284' title='bbox 526 1886 547 1920; x_wconf 84' lang='lat'>·,</span> <span class='ocrx_word' id='word_1_285' title='bbox 582 1863 821 1913; x_wconf 72' lang='lat' dir='ltr'>Rationale</span> <span class='ocrx_word' id='word_1_286' title='bbox 842 1864 1097 1926; x_wconf 82' lang='lat' dir='ltr'>genuinum</span> <span class='ocrx_word' id='word_1_287' title='bbox 1118 1863 1340 1927; x_wconf 79' lang='lat' dir='ltr'>nusquam</span> <span class='ocrx_word' id='word_1_288' title='bbox 1363 1864 1453 1911; x_wconf 86' lang='lat' dir='ltr'>alio</span> <span class='ocrx_word' id='word_1_289' title='bbox 1476 1862 1623 1913; x_wconf 86' lang='lat' dir='ltr'>modo</span> <span class='ocrx_word' id='word_1_290' title='bbox 1642 1861 1857 1913; x_wconf 70' lang='lat' dir='ltr'>miscitur:</span> <span class='ocrx_word' id='word_1_291' title='bbox 1894 1874 1948 1911; x_wconf 90' lang='lat' dir='ltr'>ut</span> <span class='ocrx_word' id='word_1_292' title='bbox 1969 1860 2175 1916; x_wconf 77' lang='lat' dir='ltr'>similiter</span> <span class='ocrx_word' id='word_1_293' title='bbox 2195 1859 2403 1910; x_wconf 82' lang='lat' dir='ltr'>existeret</span> 
     </span>
     <span class='ocr_line' id='line_1_26' title="bbox 390 1929 2402 2060; baseline -0.002 -16"><span class='ocrx_word' id='word_1_294' title='bbox 390 1929 2402 2060; x_wconf 38' lang='lat' dir='ltr'>23¹3,&amp;sami2:2¹3?“3133&#39;35013333‘3132‘33203ffl22nffiffn31322}</span> 
     </span>
     <span class='ocr_line' id='line_1_27' title="bbox 389 2060 2402 2128; baseline -0.002 -17"><span class='ocrx_word' id='word_1_295' title='bbox 389 2063 611 2112; x_wconf 77' lang='lat' dir='ltr'>assumere</span> <span class='ocrx_word' id='word_1_296' title='bbox 634 2060 933 2120; x_wconf 88' lang='lat' dir='ltr'>Humanum,</span> <span class='ocrx_word' id='word_1_297' title='bbox 968 2063 1084 2111; x_wconf 87' lang='lat' dir='ltr'>ficut</span> <span class='ocrx_word' id='word_1_298' title='bbox 1106 2063 1340 2112; x_wconf 85' lang='lat' dir='ltr'>multoties</span> <span class='ocrx_word' id='word_1_299' title='bbox 1361 2065 1559 2128; x_wconf 84' lang='lat' dir='ltr'>antiquis</span> <span class='ocrx_word' id='word_1_300' title='bbox 1578 2062 1864 2127; x_wconf 87' lang='lat' dir='ltr'>temporibus</span> <span class='ocrx_word' id='word_1_301' title='bbox 1887 2078 1997 2110; x_wconf 89' lang='lat' dir='ltr'>cum</span> <span class='ocrx_word' id='word_1_302' title='bbox 2018 2063 2228 2127; x_wconf 89' lang='lat' dir='ltr'>apparuit</span> <span class='ocrx_word' id='word_1_303' title='bbox 2251 2060 2402 2108; x_wconf 88' lang='lat' dir='ltr'>horni-</span> 
     </span>
     <span class='ocr_line' id='line_1_28' title="bbox 389 2127 2401 2194; baseline -0.002 -16"><span class='ocrx_word' id='word_1_304' title='bbox 389 2129 558 2179; x_wconf 79' lang='lat' dir='ltr'>nibus:</span> <span class='ocrx_word' id='word_1_305' title='bbox 595 2129 696 2178; x_wconf 77' lang='lat' dir='ltr'>haec</span> <span class='ocrx_word' id='word_1_306' title='bbox 717 2128 836 2186; x_wconf 82' lang='lat' dir='ltr'>sunt,</span> <span class='ocrx_word' id='word_1_307' title='bbox 872 2144 979 2192; x_wconf 82' lang='lat' dir='ltr'>quae</span> <span class='ocrx_word' id='word_1_308' title='bbox 1017 2131 1306 2182; x_wconf 81' lang='lat' dir='ltr'>continentur</span> <span class='ocrx_word' id='word_1_309' title='bbox 1343 2129 1391 2177; x_wconf 81' lang='lat' dir='ltr'>iri</span> <span class='ocrx_word' id='word_1_310' title='bbox 1428 2130 1518 2178; x_wconf 89' lang='lat' dir='ltr'>hoc</span> <span class='ocrx_word' id='word_1_311' title='bbox 1539 2130 1721 2194; x_wconf 89' lang='lat' dir='ltr'>Capite,</span> <span class='ocrx_word' id='word_1_312' title='bbox 1756 2145 1923 2194; x_wconf 88' lang='lat' dir='ltr'>nempe</span> <span class='ocrx_word' id='word_1_313' title='bbox 1958 2128 2201 2193; x_wconf 87' lang='lat' dir='ltr'>quomodo</span> <span class='ocrx_word' id='word_1_314' title='bbox 2220 2127 2401 2175; x_wconf 87' lang='lat' dir='ltr'>Verum</span> 
     </span>
     <span class='ocr_line' id='line_1_29' title="bbox 389 2194 2401 2260; baseline -0.003 -13"><span class='ocrx_word' id='word_1_315' title='bbox 389 2210 454 2247; x_wconf 60' lang='lat' dir='ltr'><em>a</em></span> <span class='ocrx_word' id='word_1_316' title='bbox 478 2195 691 2246; x_wconf 83' lang='lat' dir='ltr'>Naturali</span> <span class='ocrx_word' id='word_1_317' title='bbox 725 2195 914 2244; x_wconf 87' lang='lat' dir='ltr'>homine</span> <span class='ocrx_word' id='word_1_318' title='bbox 949 2208 1195 2245; x_wconf 72' lang='lat' dir='ltr'>evocatum</span> <span class='ocrx_word' id='word_1_319' title='bbox 1231 2194 1581 2260; x_wconf 83' lang='lat' dir='ltr'>conjungeretur</span> <span class='ocrx_word' id='word_1_320' title='bbox 1607 2198 1740 2246; x_wconf 86' lang='lat' dir='ltr'>Bono</span> <span class='ocrx_word' id='word_1_321' title='bbox 1767 2196 2036 2253; x_wconf 86' lang='lat' dir='ltr'>Rationalis,</span> <span class='ocrx_word' id='word_1_322' title='bbox 2080 2196 2132 2243; x_wconf 81' lang='grc' dir='ltr'>ὅτ</span> <span class='ocrx_word' id='word_1_323' title='bbox 2171 2194 2287 2242; x_wconf 85' lang='lat' dir='ltr'>ficut</span> <span class='ocrx_word' id='word_1_324' title='bbox 2308 2194 2401 2242; x_wconf 87' lang='lat' dir='ltr'>Bo-</span> 
     </span>
     <span class='ocr_line' id='line_1_30' title="bbox 390 2258 2401 2320; baseline -0.001 -11"><span class='ocrx_word' id='word_1_325' title='bbox 390 2275 512 2309; x_wconf 75' lang='lat' dir='ltr'>num</span> <span class='ocrx_word' id='word_1_326' title='bbox 542 2262 608 2309; x_wconf 89' lang='lat' dir='ltr'>ibi</span> <span class='ocrx_word' id='word_1_327' title='bbox 635 2260 725 2309; x_wconf 84' lang='lat' dir='ltr'>fuit</span> <span class='ocrx_word' id='word_1_328' title='bbox 745 2263 993 2320; x_wconf 81' lang='lat' dir='ltr'>Divinum,</span> <span class='ocrx_word' id='word_1_329' title='bbox 1027 2264 1166 2313; x_wconf 89' lang='lat' dir='ltr'>etiam</span> <span class='ocrx_word' id='word_1_330' title='bbox 1186 2264 1367 2312; x_wconf 87' lang='lat' dir='ltr'>Verum</span> <span class='ocrx_word' id='word_1_331' title='bbox 1404 2263 1469 2311; x_wconf 90' lang='lat' dir='ltr'>ibi</span> <span class='ocrx_word' id='word_1_332' title='bbox 1506 2263 1634 2312; x_wconf 83' lang='lat' dir='ltr'>fieret</span> <span class='ocrx_word' id='word_1_333' title='bbox 1670 2263 1932 2319; x_wconf 72' lang='lat' dir='ltr'>Divinum5</span> <span class='ocrx_word' id='word_1_334' title='bbox 1978 2262 2081 2310; x_wconf 86' lang='lat' dir='ltr'>haec</span> <span class='ocrx_word' id='word_1_335' title='bbox 2121 2277 2276 2308; x_wconf 87' lang='lat' dir='ltr'>coram</span> <span class='ocrx_word' id='word_1_336' title='bbox 2316 2258 2401 2307; x_wconf 84' lang='lat' dir='ltr'>ho-</span> 
     </span>
     <span class='ocr_line' id='line_1_31' title="bbox 392 2325 2399 2392; baseline -0 -18"><span class='ocrx_word' id='word_1_337' title='bbox 392 2327 537 2383; x_wconf 83' lang='lat' dir='ltr'>mine,</span> <span class='ocrx_word' id='word_1_338' title='bbox 567 2328 800 2391; x_wconf 83' lang='lat' dir='ltr'>imprimis</span> <span class='ocrx_word' id='word_1_339' title='bbox 822 2327 920 2384; x_wconf 87' lang='lat' dir='ltr'>illo,</span> <span class='ocrx_word' id='word_1_340' title='bbox 954 2329 1036 2390; x_wconf 88' lang='lat' dir='ltr'>qui</span> <span class='ocrx_word' id='word_1_341' title='bbox 1064 2344 1159 2376; x_wconf 93' lang='lat' dir='ltr'>non</span> <span class='ocrx_word' id='word_1_342' title='bbox 1196 2327 1292 2386; x_wconf 91' lang='lat' dir='ltr'>scit,</span> <span class='ocrx_word' id='word_1_343' title='bbox 1326 2329 1456 2392; x_wconf 89' lang='lat' dir='ltr'>quod</span> <span class='ocrx_word' id='word_1_344' title='bbox 1479 2329 1719 2377; x_wconf 83' lang='lat' dir='ltr'>Rationale</span> <span class='ocrx_word' id='word_1_345' title='bbox 1754 2329 1811 2378; x_wconf 86' lang='lat' dir='ltr'>fit</span> <span class='ocrx_word' id='word_1_346' title='bbox 1846 2328 2037 2391; x_wconf 85' lang='lat' dir='ltr'>aliquod</span> <span class='ocrx_word' id='word_1_347' title='bbox 2073 2325 2338 2374; x_wconf 65' lang='lat' dir='ltr'>distinctum</span> <span class='ocrx_word' id='word_1_348' title='bbox 2372 2341 2399 2373; x_wconf 90' lang='lat' dir='ltr'>a</span> 
     </span>
     <span class='ocr_line' id='line_1_32' title="bbox 393 2390 2399 2458; baseline -0.001 -17"><span class='ocrx_word' id='word_1_349' title='bbox 393 2391 621 2450; x_wconf 82' lang='lat' dir='ltr'>Naturali,</span> <span class='ocrx_word' id='word_1_350' title='bbox 655 2390 708 2440; x_wconf 79' lang='grc' dir='ltr'>ὅτ</span> <span class='ocrx_word' id='word_1_351' title='bbox 728 2392 812 2456; x_wconf 86' lang='lat' dir='ltr'>qui</span> <span class='ocrx_word' id='word_1_352' title='bbox 834 2391 939 2440; x_wconf 76' lang='lat' dir='ltr'>ideo</span> <span class='ocrx_word' id='word_1_353' title='bbox 960 2408 1054 2440; x_wconf 88' lang='lat' dir='ltr'>non</span> <span class='ocrx_word' id='word_1_354' title='bbox 1077 2393 1159 2441; x_wconf 89' lang='lat' dir='ltr'>scit</span> <span class='ocrx_word' id='word_1_355' title='bbox 1179 2394 1310 2458; x_wconf 82' lang='lat' dir='ltr'>quod</span> <span class='ocrx_word' id='word_1_356' title='bbox 1333 2394 1574 2448; x_wconf 81' lang='lat' dir='ltr'>Rationale</span> <span class='ocrx_word' id='word_1_357' title='bbox 1605 2394 1843 2442; x_wconf 82' lang='lat' dir='ltr'>succeflive</span> <span class='ocrx_word' id='word_1_358' title='bbox 1864 2391 2105 2448; x_wconf 86' lang='lat' dir='ltr'>formetur,</span> <span class='ocrx_word' id='word_1_359' title='bbox 2141 2392 2192 2438; x_wconf 78' lang='grc' dir='ltr'>ὅτ.</span> <span class='ocrx_word' id='word_1_360' title='bbox 2212 2390 2301 2438; x_wconf 93' lang='lat' dir='ltr'>hoc</span> <span class='ocrx_word' id='word_1_361' title='bbox 2317 2404 2399 2454; x_wconf 90' lang='lat' dir='ltr'>per</span> 
     </span>
    </p>

    <p class='ocr_par' dir='ltr' id='par_1_3' title="bbox 321 2456 2408 3123">
     <span class='ocr_line' id='line_1_33' title="bbox 521 2456 2399 2522; baseline -0.001 -17"><span class='ocrx_word' id='word_1_362' title='bbox 521 2458 698 2516; x_wconf 88' lang='lat' dir='ltr'>itiones,</span> <span class='ocrx_word' id='word_1_363' title='bbox 731 2457 1037 2507; x_wconf 84' lang='lat' dir='ltr'>obscuriffima</span> <span class='ocrx_word' id='word_1_364' title='bbox 1058 2457 1177 2516; x_wconf 87' lang='lat' dir='ltr'>sunt,</span> <span class='ocrx_word' id='word_1_365' title='bbox 1211 2461 1346 2507; x_wconf 84' lang='lat' dir='ltr'>ita-ut</span> <span class='ocrx_word' id='word_1_366' title='bbox 1369 2475 1460 2507; x_wconf 88' lang='lat' dir='ltr'>non</span> <span class='ocrx_word' id='word_1_367' title='bbox 1481 2458 1732 2516; x_wconf 50' lang='lat' dir='ltr'>intellecta,</span> <span class='ocrx_word' id='word_1_368' title='bbox 1756 2457 1830 2506; x_wconf 88' lang='lat' dir='ltr'>sed</span> <span class='ocrx_word' id='word_1_369' title='bbox 1851 2457 1991 2522; x_wconf 82' lang='lat' dir='ltr'>usque</span> <span class='ocrx_word' id='word_1_370' title='bbox 2014 2457 2118 2506; x_wconf 89' lang='lat' dir='ltr'>talia</span> <span class='ocrx_word' id='word_1_371' title='bbox 2138 2456 2256 2514; x_wconf 88' lang='lat' dir='ltr'>sunt,</span> <span class='ocrx_word' id='word_1_372' title='bbox 2290 2471 2399 2520; x_wconf 84' lang='lat' dir='ltr'>quae</span> 
     </span>
     <span class='ocr_line' id='line_1_34' title="bbox 391 2522 2398 2590; baseline -0.001 -17"><span class='ocrx_word' id='word_1_373' title='bbox 391 2525 511 2573; x_wconf 86' lang='lat' dir='ltr'>inter</span> <span class='ocrx_word' id='word_1_374' title='bbox 532 2524 702 2572; x_wconf 81' lang='lat' dir='ltr'>leviora</span> <span class='ocrx_word' id='word_1_375' title='bbox 723 2523 953 2582; x_wconf 79' lang='lat' dir='ltr'>suntillis,</span> <span class='ocrx_word' id='word_1_376' title='bbox 986 2525 1069 2589; x_wconf 89' lang='lat' dir='ltr'>qui</span> <span class='ocrx_word' id='word_1_377' title='bbox 1096 2525 1297 2589; x_wconf 81' lang='lat' dir='ltr'>aliquam</span> <span class='ocrx_word' id='word_1_378' title='bbox 1331 2526 1645 2590; x_wconf 87' lang='lat' dir='ltr'>cognitionem</span> <span class='ocrx_word' id='word_1_379' title='bbox 1678 2526 1737 2573; x_wconf 91' lang='lat' dir='ltr'>de</span> <span class='ocrx_word' id='word_1_380' title='bbox 1759 2525 1989 2572; x_wconf 83' lang='lat' dir='ltr'>Rationali</span> <span class='ocrx_word' id='word_1_381' title='bbox 2011 2525 2060 2572; x_wconf 89' lang='lat'>&amp;</span> <span class='ocrx_word' id='word_1_382' title='bbox 2084 2522 2292 2572; x_wconf 85' lang='lat' dir='ltr'>Naturali</span> <span class='ocrx_word' id='word_1_383' title='bbox 2312 2522 2398 2570; x_wconf 85' lang='lat' dir='ltr'>ho·</span> 
     </span>
     <span class='ocr_line' id='line_1_35' title="bbox 389 2588 2396 2658; baseline -0.002 -18"><span class='ocrx_word' id='word_1_384' title='bbox 389 2591 518 2640; x_wconf 84' lang='lat' dir='ltr'>mine</span> <span class='ocrx_word' id='word_1_385' title='bbox 539 2589 721 2648; x_wconf 86' lang='lat' dir='ltr'>habent,</span> <span class='ocrx_word' id='word_1_386' title='bbox 756 2591 807 2639; x_wconf 84' lang='lat'>&amp;</span> <span class='ocrx_word' id='word_1_387' title='bbox 829 2590 878 2638; x_wconf 89' lang='lat' dir='ltr'>in</span> <span class='ocrx_word' id='word_1_388' title='bbox 900 2590 1191 2658; x_wconf 84' lang='lat' dir='ltr'>illustratione</span> <span class='ocrx_word' id='word_1_389' title='bbox 1214 2591 1334 2649; x_wconf 88' lang='lat' dir='ltr'>sunt,</span> <span class='ocrx_word' id='word_1_390' title='bbox 1369 2592 1543 2656; x_wconf 84' lang='lat' dir='ltr'>Angeli</span> <span class='ocrx_word' id='word_1_391' title='bbox 1581 2593 1738 2640; x_wconf 86' lang='lat' dir='ltr'>omnia</span> <span class='ocrx_word' id='word_1_392' title='bbox 1768 2590 1869 2639; x_wconf 86' lang='lat' dir='ltr'>haec</span> <span class='ocrx_word' id='word_1_393' title='bbox 1892 2590 2051 2638; x_wconf 88' lang='lat' dir='ltr'>vident</span> <span class='ocrx_word' id='word_1_394' title='bbox 2071 2590 2187 2638; x_wconf 83' lang='lat' dir='ltr'>ficut</span> <span class='ocrx_word' id='word_1_395' title='bbox 2208 2590 2256 2636; x_wconf 91' lang='lat' dir='ltr'>in</span> <span class='ocrx_word' id='word_1_396' title='bbox 2279 2588 2396 2636; x_wconf 83' lang='lat' dir='ltr'>clara</span> 
     </span>
     <span class='ocr_line' id='line_1_36' title="bbox 390 2653 2398 2722; baseline -0 -17"><span class='ocrx_word' id='word_1_397' title='bbox 390 2657 482 2706; x_wconf 84' lang='lat' dir='ltr'>die;</span> <span class='ocrx_word' id='word_1_398' title='bbox 533 2657 608 2705; x_wconf 91' lang='lat' dir='ltr'>Ut</span> <span class='ocrx_word' id='word_1_399' title='bbox 629 2657 732 2707; x_wconf 86' lang='lat' dir='ltr'>idea</span> <span class='ocrx_word' id='word_1_400' title='bbox 752 2656 922 2706; x_wconf 85' lang='lat' dir='ltr'>horum</span> <span class='ocrx_word' id='word_1_401' title='bbox 943 2669 1249 2722; x_wconf 82' lang='lat' dir='ltr'>comparetur,</span> <span class='ocrx_word' id='word_1_402' title='bbox 1283 2657 1525 2706; x_wconf 85' lang='lat' dir='ltr'>videantur</span> <span class='ocrx_word' id='word_1_403' title='bbox 1543 2674 1653 2722; x_wconf 82' lang='lat' dir='ltr'>quae</span> <span class='ocrx_word' id='word_1_404' title='bbox 1674 2658 1801 2721; x_wconf 89' lang='lat' dir='ltr'>prius</span> <span class='ocrx_word' id='word_1_405' title='bbox 1823 2658 1881 2706; x_wconf 93' lang='lat' dir='ltr'>de</span> <span class='ocrx_word' id='word_1_406' title='bbox 1903 2657 1991 2705; x_wconf 88' lang='lat' dir='ltr'>illis</span> <span class='ocrx_word' id='word_1_407' title='bbox 2011 2657 2136 2704; x_wconf 69' lang='lat' dir='ltr'>dicta</span> <span class='ocrx_word' id='word_1_408' title='bbox 2156 2656 2206 2704; x_wconf 76' lang='grc' dir='ltr'>δε</span> <span class='ocrx_word' id='word_1_409' title='bbox 2229 2653 2398 2704; x_wconf 87' lang='lat' dir='ltr'>ostensa</span> 
     </span>
     <span class='ocr_line' id='line_1_37' title="bbox 391 2722 2397 2789; baseline -0.001 -16"><span class='ocrx_word' id='word_1_410' title='bbox 391 2723 515 2781; x_wconf 84' lang='lat' dir='ltr'>sunt,</span> <span class='ocrx_word' id='word_1_411' title='bbox 550 2740 732 2788; x_wconf 86' lang='lat' dir='ltr'>nempe,</span> <span class='ocrx_word' id='word_1_412' title='bbox 767 2724 898 2787; x_wconf 89' lang='lat' dir='ltr'>quod</span> <span class='ocrx_word' id='word_1_413' title='bbox 921 2724 1158 2775; x_wconf 79' lang='lat' dir='ltr'>Rationale</span> <span class='ocrx_word' id='word_1_414' title='bbox 1178 2723 1333 2788; x_wconf 86' lang='lat' dir='ltr'>quoad</span> <span class='ocrx_word' id='word_1_415' title='bbox 1352 2739 1515 2773; x_wconf 87' lang='lat' dir='ltr'>verum</span> <span class='ocrx_word' id='word_1_416' title='bbox 1543 2739 1626 2789; x_wconf 85' lang='lat' dir='ltr'>per</span> <span class='ocrx_word' id='word_1_417' title='bbox 1656 2724 1882 2779; x_wconf 81' lang='lat' dir='ltr'>influxum</span> <span class='ocrx_word' id='word_1_418' title='bbox 1911 2725 1959 2772; x_wconf 91' lang='lat' dir='ltr'>in</span> <span class='ocrx_word' id='word_1_419' title='bbox 1991 2722 2189 2771; x_wconf 87' lang='lat' dir='ltr'>scientias</span> <span class='ocrx_word' id='word_1_420' title='bbox 2211 2722 2261 2770; x_wconf 88' lang='lat'>&amp;</span> <span class='ocrx_word' id='word_1_421' title='bbox 2286 2738 2397 2786; x_wconf 80' lang='lat' dir='ltr'>cog·</span> 
     </span>
     <span class='ocr_line' id='line_1_38' title="bbox 321 2788 2408 2856; baseline -0.001 -17"><span class='ocrx_word' id='word_1_422' title='bbox 321 2811 324 2813; x_wconf 47' lang='lat'>&gt;</span> <span class='ocrx_word' id='word_1_423' title='bbox 357 2824 360 2829; x_wconf 89' lang='lat'><em>-</em></span> <span class='ocrx_word' id='word_1_424' title='bbox 391 2792 588 2839; x_wconf 73' lang='lat' dir='ltr'>tritiones</span> <span class='ocrx_word' id='word_1_425' title='bbox 611 2788 851 2848; x_wconf 84' lang='lat' dir='ltr'>formetur,</span> <span class='ocrx_word' id='word_1_426' title='bbox 877 2807 937 2840; x_wconf 88' lang='lat' dir='ltr'>n:</span> <span class='ocrx_word' id='word_1_427' title='bbox 971 2808 1111 2854; x_wconf 86' lang='lat'>1495.</span> <span class='ocrx_word' id='word_1_428' title='bbox 1138 2793 1276 2856; x_wconf 79' lang='lat'><strong><em>1563.</em></strong></span> <span class='ocrx_word' id='word_1_429' title='bbox 1302 2808 1442 2856; x_wconf 86' lang='lat'>1900.</span> <span class='ocrx_word' id='word_1_430' title='bbox 1469 2793 1624 2855; x_wconf 85' lang='lat'>1964:</span> <span class='ocrx_word' id='word_1_431' title='bbox 1661 2791 1790 2855; x_wconf 89' lang='lat' dir='ltr'>quod</span> <span class='ocrx_word' id='word_1_432' title='bbox 1814 2807 1906 2838; x_wconf 90' lang='lat' dir='ltr'>non</span> <span class='ocrx_word' id='word_1_433' title='bbox 1931 2788 2134 2838; x_wconf 87' lang='lat' dir='ltr'>nascatur</span> <span class='ocrx_word' id='word_1_434' title='bbox 2150 2805 2182 2844; x_wconf 68' lang='lat' dir='ltr'>‚a</span> <span class='ocrx_word' id='word_1_435' title='bbox 2204 2788 2408 2851; x_wconf 80' lang='lat' dir='ltr'>scientiis</span> 
     </span>
     <span class='ocr_line' id='line_1_39' title="bbox 391 2854 2395 2924; baseline -0.001 -19"><span class='ocrx_word' id='word_1_436' title='bbox 391 2858 446 2906; x_wconf 83' lang='lat'>&amp;</span> <span class='ocrx_word' id='word_1_437' title='bbox 478 2857 834 2920; x_wconf 85' lang='lat' dir='ltr'>cognitionibus,</span> <span class='ocrx_word' id='word_1_438' title='bbox 880 2857 955 2906; x_wconf 89' lang='lat' dir='ltr'>sed</span> <span class='ocrx_word' id='word_1_439' title='bbox 981 2857 1042 2906; x_wconf 83' lang='lat' dir='ltr'>ab</span> <span class='ocrx_word' id='word_1_440' title='bbox 1073 2858 1309 2906; x_wconf 65' lang='lat' dir='ltr'>affectione</span> <span class='ocrx_word' id='word_1_441' title='bbox 1346 2858 1544 2916; x_wconf 84' lang='lat' dir='ltr'>illarum,</span> <span class='ocrx_word' id='word_1_442' title='bbox 1580 2875 1639 2907; x_wconf 87' lang='lat' dir='ltr'>n:</span> <span class='ocrx_word' id='word_1_443' title='bbox 1671 2862 1810 2924; x_wconf 87' lang='lat'>1895.</span> <span class='ocrx_word' id='word_1_444' title='bbox 1843 2874 1997 2921; x_wconf 85' lang='lat'>1900:</span> <span class='ocrx_word' id='word_1_445' title='bbox 2034 2855 2162 2920; x_wconf 90' lang='lat' dir='ltr'>quod</span> <span class='ocrx_word' id='word_1_446' title='bbox 2201 2854 2395 2903; x_wconf 65' lang='lat' dir='ltr'>scientiae</span> 
     </span>
     <span class='ocr_line' id='line_1_40' title="bbox 391 2920 2396 2991; baseline -0.002 -19"><span class='ocrx_word' id='word_1_447' title='bbox 391 2924 447 2972; x_wconf 69' lang='lat' dir='ltr'>sc</span> <span class='ocrx_word' id='word_1_448' title='bbox 470 2924 752 2986; x_wconf 84' lang='lat' dir='ltr'>cognitiones</span> <span class='ocrx_word' id='word_1_449' title='bbox 775 2923 862 2971; x_wconf 83' lang='lat' dir='ltr'>fint</span> <span class='ocrx_word' id='word_1_450' title='bbox 893 2924 1038 2973; x_wconf 88' lang='lat' dir='ltr'>modo</span> <span class='ocrx_word' id='word_1_451' title='bbox 1065 2923 1167 2973; x_wconf 86' lang='lat' dir='ltr'>vasa</span> <span class='ocrx_word' id='word_1_452' title='bbox 1199 2925 1327 2983; x_wconf 90' lang='lat' dir='ltr'>boni,</span> <span class='ocrx_word' id='word_1_453' title='bbox 1361 2941 1423 2973; x_wconf 93' lang='lat' dir='ltr'>n:</span> <span class='ocrx_word' id='word_1_454' title='bbox 1456 2925 1596 2991; x_wconf 86' lang='lat'>1469.</span> <span class='ocrx_word' id='word_1_455' title='bbox 1629 2926 1784 2988; x_wconf 88' lang='lat'>1496:</span> <span class='ocrx_word' id='word_1_456' title='bbox 1821 2923 1951 2987; x_wconf 85' lang='lat' dir='ltr'>quod</span> <span class='ocrx_word' id='word_1_457' title='bbox 1983 2924 2131 2974; x_wconf 86' lang='lat' dir='ltr'>inania</span> <span class='ocrx_word' id='word_1_458' title='bbox 2156 2920 2396 2969; x_wconf 85' lang='lat' dir='ltr'>scientifica</span> 
     </span>
     <span class='ocr_line' id='line_1_41' title="bbox 394 2986 2396 3058; baseline -0.002 -22"><span class='ocrx_word' id='word_1_459' title='bbox 394 2988 676 3054; x_wconf 75' lang='lat' dir='ltr'>destruenda,</span> <span class='ocrx_word' id='word_1_460' title='bbox 712 3007 772 3039; x_wconf 85' lang='lat' dir='ltr'>n:</span> <span class='ocrx_word' id='word_1_461' title='bbox 805 2995 945 3055; x_wconf 85' lang='lat'>1489.</span> <span class='ocrx_word' id='word_1_462' title='bbox 977 3008 1116 3056; x_wconf 84' lang='lat'>1492.</span> <span class='ocrx_word' id='word_1_463' title='bbox 1146 3009 1286 3058; x_wconf 85' lang='lat'><strong>¹499·</strong></span> <span class='ocrx_word' id='word_1_464' title='bbox 1318 3008 1475 3055; x_wconf 87' lang='lat'>1500:</span> <span class='ocrx_word' id='word_1_465' title='bbox 1512 2991 1641 3055; x_wconf 90' lang='lat' dir='ltr'>quod</span> <span class='ocrx_word' id='word_1_466' title='bbox 1674 2994 1721 3039; x_wconf 90' lang='lat' dir='ltr'>in</span> <span class='ocrx_word' id='word_1_467' title='bbox 1744 2989 1974 3038; x_wconf 90' lang='lat' dir='ltr'>Rationali</span> <span class='ocrx_word' id='word_1_468' title='bbox 2010 2989 2186 3037; x_wconf 65' lang='lat' dir='ltr'>affectio</span> <span class='ocrx_word' id='word_1_469' title='bbox 2210 2987 2317 3035; x_wconf 90' lang='lat' dir='ltr'>boni</span> <span class='ocrx_word' id='word_1_470' title='bbox 2341 2986 2396 3033; x_wconf 81' lang='lat' dir='ltr'>sit</span> 
     </span>
     <span class='ocr_line' id='line_1_42' title="bbox 367 3053 2395 3123; baseline -0.002 -21"><span class='ocrx_word' id='word_1_471' title='bbox 367 3053 509 3103; x_wconf 72' lang='lat' dir='ltr'>,ficut</span> <span class='ocrx_word' id='word_1_472' title='bbox 538 3057 689 3105; x_wconf 84' lang='lat' dir='ltr'>anima</span> <span class='ocrx_word' id='word_1_473' title='bbox 719 3058 768 3104; x_wconf 87' lang='lat' dir='ltr'>in</span> <span class='ocrx_word' id='word_1_474' title='bbox 799 3056 1033 3106; x_wconf 68' lang='lat' dir='ltr'>affectione</span> <span class='ocrx_word' id='word_1_475' title='bbox 1055 3058 1168 3116; x_wconf 85' lang='lat' dir='ltr'>veri,</span> <span class='ocrx_word' id='word_1_476' title='bbox 1203 3075 1263 3107; x_wconf 81' lang='lat' dir='ltr'>n:</span> <span class='ocrx_word' id='word_1_477' title='bbox 1287 3073 1447 3123; x_wconf 86' lang='lat'>2072:</span> <span class='ocrx_word' id='word_1_478' title='bbox 1482 3058 1598 3122; x_wconf 89' lang='lat' dir='ltr'>quid</span> <span class='ocrx_word' id='word_1_479' title='bbox 1626 3057 1806 3106; x_wconf 71' lang='lat' dir='ltr'>affectio</span> <span class='ocrx_word' id='word_1_480' title='bbox 1829 3058 1927 3103; x_wconf 88' lang='lat' dir='ltr'>veri</span> <span class='ocrx_word' id='word_1_481' title='bbox 1949 3055 2189 3111; x_wconf 85' lang='lat' dir='ltr'>rationalis,</span> <span class='ocrx_word' id='word_1_482' title='bbox 2223 3055 2273 3100; x_wconf 74' lang='grc' dir='ltr'>ὅτ.</span> <span class='ocrx_word' id='word_1_483' title='bbox 2296 3054 2395 3099; x_wconf 88' lang='lat' dir='ltr'>veri</span> 
     </span>
    </p>
   </div>
   <div class='ocr_carea' id='block_1_3' title="bbox 395 3115 2395 3240">
    <p class='ocr_par' dir='ltr' id='par_1_4' title="bbox 395 3115 2395 3240">
     <span class='ocr_line' id='line_1_43' title="bbox 395 3115 2394 3239; baseline -0.005 -67"><span class='ocrx_word' id='word_1_484' title='bbox 395 3115 644 3180; x_wconf 69' lang='lat' dir='ltr'>stimffici.</span> <span class='ocrx_word' id='word_1_485' title='bbox 675 3139 737 3173; x_wconf 81' lang='lat' dir='ltr'>n:</span> <span class='ocrx_word' id='word_1_486' title='bbox 764 3141 790 3173; x_wconf 86' lang='lat'>2</span> <span class='ocrx_word' id='word_1_487' title='bbox 797 3139 924 3189; x_wconf 81' lang='lat'>503:</span> <span class='ocrx_word' id='word_1_488' title='bbox 958 3124 1087 3190; x_wconf 89' lang='lat' dir='ltr'>quod</span> <span class='ocrx_word' id='word_1_489' title='bbox 1127 3141 1210 3191; x_wconf 84' lang='lat' dir='ltr'>per</span> <span class='ocrx_word' id='word_1_490' title='bbox 1246 3126 1532 3239; x_wconf 75' lang='lat' dir='ltr'>cognitionses</span> <span class='ocrx_word' id='word_1_491' title='bbox 1571 3121 1873 3189; x_wconf 86' lang='lat' dir='ltr'>conjungatur</span> <span class='ocrx_word' id='word_1_492' title='bbox 1895 3122 2124 3173; x_wconf 81' lang='lat' dir='ltr'>Externus</span> <span class='ocrx_word' id='word_1_493' title='bbox 2155 3120 2297 3169; x_wconf 88' lang='lat' dir='ltr'>homo</span> <span class='ocrx_word' id='word_1_494' title='bbox 2319 3118 2394 3164; x_wconf 89' lang='lat' dir='ltr'>In—</span> 
     </span>
     <span class='ocr_line' id='line_1_44' title="bbox 1531 3197 2395 3240; baseline -0.013 0"><span class='ocrx_word' id='word_1_495' title='bbox 1531 3207 1558 3240; x_wconf 85' lang='lat'><strong>2</strong></span> <span class='ocrx_word' id='word_1_496' title='bbox 2252 3197 2395 3239; x_wconf 75' lang='lat' dir='ltr'>terne,</span> 
     </span>
    </p>
   </div>
  </div>
 </body>
</html>
