2904 3750
704 217 1048 286 CAPUT
1096 213 1654 283 VIGESIMUM
1699 215 2087 280 NoNUM.
2260 234 2391 302 505

403 351 492 400 hoc
509 349 662 400 secum
695 349 861 405 habet;
898 349 1000 397 inde
1017 347 1100 406 est,
1136 347 1264 412 quod
1306 347 1449 396 homo
1483 346 1736 395 aDomino
1758 346 1946 409 accipiat
1970 347 2210 411 proprium
2236 345 2394 394 coeless

403 427 467 477 te,
501 418 560 467 de
588 432 685 482 quo
707 433 762 464 n:
794 432 902 479 155.
933 419 1042 474 164.
1070 431 1181 480 73¹·
1212 430 1353 475 1023.
1385 430 1529 473 1044.
1561 428 1701 477 1937.
1734 428 1876 476 1947.
1904 411 2049 460 288‘2.
2078 419 2219 476 2883.
2248 417 2395 476 2891.

405 483 653 549 Proprium
672 482 758 532 hoc
782 483 825 529 in
849 493 1045 544 utroque
1068 478 1186 526 sensu
1219 479 1498 542 significatur
1527 494 1608 542 per
1632 494 1683 526 os
1714 477 1765 525 &
1790 493 1971 525 carnem
1991 496 2002 525 ε
2039 479 2142 525 inde
2160 479 2239 534 est,
2264 478 2393 542 quod

405 565 487 616 per
510 550 619 598 offa
655 550 701 596 in
725 547 882 595 Verbo
907 544 1184 609 significetur
1220 560 1402 602 verum,
1440 545 1489 592 δε
1518 543 1563 591 in
1604 543 1819 608 opposito
1861 542 1986 591 sensu
2021 543 2200 600 falsum,
2238 544 2289 592 &
2315 560 2397 609 per

404 617 603 664 Carnem
623 615 816 668 bonum,
844 612 897 659 δι
911 612 956 658 in
976 609 1194 675 opposito
1211 609 1334 658 sensu
1355 609 1527 659 malum
1545 631 1562 664 ·,
1595 610 1721 674 quod
1749 625 1831 675 per
1852 609 1942 657 offa
1964 609 2073 657 illud
2102 610 2395 672 significetur,

402 697 458 729 ex
481 678 768 744 sequentibus
789 677 900 726 locis
923 675 1126 730 constare
1149 676 1298 741 potest
1318 698 1333 732 3
1366 675 1490 742 apud
1515 675 1694 724 Esaiam
1731 683 1766 706 “
1788 676 1945 723 Ducet
1967 688 2012 723 te
2035 675 2246 736 Jehovah
2263 674 2393 739 jugi·

403 754 488 805 t'er,
505 755 508 758 ’
524 746 576 794 δῖ’
595 743 807 793 saturabit
829 745 877 792 in
899 742 1181 797 ariditatibus
1205 744 1405 791 animam
1432 756 1578 799 tuam,
1615 743 1666 790 &
1688 741 1791 807 Offa
1818 753 1895 790 tua
1921 741 2115 805 expedita
2138 741 2301 798 reddet,
2337 754 2391 789 ut

404 812 459 860 fis
477 811 590 860 ficut
606 811 764 859 hortus
788 807 1021 874 irrigu'us”
1043 825 1179 857 tvm
1199 827 1211 858 ε
1255 826 1270 856 ι
1290 826 1328 856 1.
1351 810 1451 861 offa
1465 809 1676 872 expedita
1699 809 1904 865 reddere,
1927 823 2014 872 pro
2031 808 2265 856 vivificare
2287 825 2398 871 pro·

403 879 556 942 prium
584 875 899 933 intelle&uale,
937 875 1024 923 hoc
1063 875 1144 932 est,
1181 874 1395 922 illustrare
1418 876 1730 939 intelligentia,
1768 874 1874 922 inde
1906 874 2092 932 dicitur,
2128 887 2181 922 ut
2202 874 2257 922 fis
2281 873 2395 922 ficut

402 945 560 994 hortus
594 945 807 1007 irriguus,
841 942 971 1006 quod
1007 942 1165 990 hortus
1189 941 1243 989 fit
1266 941 1579 1005 intelligentia,
1615 941 1822 988 videatur
1846 957 1902 988 n:
1947 957 2058 990 100.
2107 944 2212 989 108.
2256 958 2269 987 ι
2282 945 2394 1003 588.

403 1010 550 1075 Apud
568 1010 764 1058 eundem
802 1014 836 1038 “
858 1009 998 1056 Tunc
1015 1006 1243 1064 videbitis,
1280 1008 1330 1056 &
1356 1007 1574 1071 guadebit
1597 1022 1676 1055 cor
1694 1007 1915 1063 vestrum,
1939 1007 1990 1054 &c
2008 1005 2110 1071 Offa
2128 1007 2269 1066 vestra
2276 1006 2397 1065 ficut

402 1076 537 1125 herba
552 1074 887 1140 germinabunt”
917 1090 1034 1123 vax
1059 1092 1070 1122 ε
1101 1091 1186 1134 143
1224 1074 1335 1122 offa
1357 1074 1470 1122 ficut
1493 1072 1630 1121 herba
1645 1075 1916 1137 germinare,
1952 1089 2039 1138 pro
2058 1073 2204 1121 fimili.
2245 1073 2393 1137 Apud

406 1143 654 1204 jeremiam
689 1148 727 1171 ‘⁶
743 1140 855 1189 Albi
876 1152 1001 1189 erant
1023 1139 1224 1188 Naziraei
1251 1156 1348 1204 prae
1371 1142 1492 1197 nive,
1516 1140 1696 1187 candidi
1722 1151 1845 1187 erant
1868 1154 1966 1203 prae
1988 1140 2124 1196 latire,
2154 1139 2396 1188 rubuerunt

403 1207 505 1274 Offlz
524 1220 620 1270 prae
635 1209 828 1272 gemmis,
864 1205 1098 1271 sapphirus
1125 1206 1303 1271 polities
1325 1222 1485 1255 eorum
1510 1228 1525 1262 ς
1559 1204 1795 1253 obscurata
1824 1205 1887 1254 est
1910 1221 2010 1269 prae
2040 1206 2277 1270 nigredine
2301 1204 2394 1254 for-

404 1291 482 1322 ma
503 1288 681 1329 eorum,
707 1289 796 1322 non
819 1271 1158 1336 cognoscuntur
1181 1273 1226 1320 in
1245 1272 1404 1338 plateis
1427 1271 1602 1333 adhaestt
1623 1274 1736 1320 cutis
1758 1287 1898 1320 eorum
1910 1271 1998 1332 Offi
2015 1288 2172 1330 eorum,
2198 1273 2390 1330 exaruit,
2483 1300 2486 1302 -

405 1339 526 1388 fafita
547 1339 612 1388 est
637 1340 749 1387 ficut
772 1339 989 1403 lignum⁹⁵
1034 1338 1220 1387 Thren:
1247 1355 1300 1387 ιν
1321 1357 1332 1388 :
1373 1356 1416 1404 7.
1441 1343 1483 1388 8.
1521 1338 1763 1386 Naziraeus
1787 1338 2079 1403 pro-homine
2102 1337 2294 1395 coelesti,
2332 1355 2391 1386 n:

407 1423 568 1473 33013
602 1406 691 1454 albi
728 1421 826 1471 prae
850 1406 954 1453 nive
977 1404 1027 1453 δι
1060 1405 1239 1453 candidi
1271 1421 1370 1470 prae
1393 1405 1523 1462 lac‘te,
1558 1420 1645 1469 pro
1667 1406 1796 1469 quod
1821 1405 1865 1453 in
1888 1403 2062 1453 coelesti
2095 1420 2227 1460 vero,
2261 1404 2392 1468 quod

403 1474 567 1521 Verum
606 1473 715 1543 quia
735 1487 792 1519 ex
813 1487 968 1519 amore
993 1472 1118 1528 boni,
1154 1471 1328 1519 dietum
1353 1472 1483 1536 quod
1507 1472 1759 1518 rubuerunt
1780 1471 1870 1518 offa
1893 1487 1991 1535 prae
2015 1472 2231 1534 gemmiS,
2267 1470 2392 1518 albe-

404 1539 469 1586 do
507 1539 558 1587 &
581 1539 750 1586 candor
786 1538 1093 1603 praedicantur
1132 1539 1191 1585 de
1217 1554 1340 1595 vero,
1377 1555 1432 1585 n:
1461 1554 1607 1602 3301,
1643 1537 1821 1585 rubedo
1858 1538 1917 1584 de
1957 1537 2099 1593 bono,
2134 1554 2190 1584 n:
2244 1553 2393 1601 3300,

441 1621 612 1653 emmae
650 1605 708 1652 de
731 1605 849 1652 veris
874 1619 982 1667 quae
1005 1620 1061 1651 ex
1100 1603 1238 1660 bono,
1275 1620 1335 1652 n:
1380 1621 1396 1652 1
1413 1621 1471 1664 14
1491 1624 1506 1657 ς
1543 1619 1626 1668 per
1647 1603 1836 1651 adhaefit
1858 1604 1975 1662 cutis
1997 1604 2079 1651 offi
2101 1619 2280 1659 eorum,
2316 1602 2393 1650 de-

404 1620 606 1718 {ribitur
644 1670 783 1718 status
818 1682 1020 1717 mutatus
1042 1670 1198 1732 quoad
1220 1668 1422 1717 coelestIa
1457 1669 1646 1725 amoris,
1681 1669 1810 1732 quod
1836 1685 2005 1733 nempe
2031 1685 2123 1717 non
2161 1684 2266 1717 caro
2291 1670 2391 1726 offi,

403 1735 494 1784 hoc
517 1735 598 1793 est,
633 1752 723 1783 non
747 1735 947 1799 amplius
971 1734 1169 1795 bonum,
1204 1746 1314 1782 tunc
1337 1736 1456 1782 enim
1481 1750 1622 1782 omne
1638 1749 1801 1781 verum
1829 1734 1883 1782 fit
1905 1734 2038 1783 instar
2054 1736 2170 1782 cutis
2188 1751 2295 1799 quae
2311 1736 2392 1783 ad-

404 1802 549 1850 haeret
587 1803 689 1863 ossi,
721 1800 932 1849 exarescit
971 1801 1021 1848 δι
1062 1799 1115 1849 fit
1154 1801 1267 1848 ficut
1301 1801 1496 1865 lignum.
1566 1800 1713 1866 Apud
1738 1800 2030 1848 Ezechielem
2067 1808 2102 1831 “
2126 1801 2394 1850 Paraboliza

403 1880 559 1916 contra
580 1870 775 1916 domurn
800 1867 1053 1915 rebellionis
1092 1866 1382 1930 parabolum,
1418 1868 1468 1915 δε
1493 1865 1570 1914 dic
1603 1867 1662 1915 ad
1700 1883 1793 1924 eos,
1829 1865 1890 1915 fic
1919 1866 2034 1916 dixit
2053 1868 2284 1916 Dominus
2307 1868 2390 1928 Je-

403 1933 566 1990 hovih,
586 1949 764 1998 appone
785 1933 944 1988 ollam,
971 1948 1169 1996 appone,
1194 1932 1393 1981 &etiam
1419 1931 1607 1980 infunde
1631 1934 1676 1980 in
1692 1949 1792 1980 eam
1810 1949 1966 1998 aquaS,
1990 1933 2251 1997 colligendo
2262 1934 2389 1997 frus-
2412 1993 2415 1998 Α

404 2010 454 2047 ta
486 2001 578 2063 ejus
601 2002 644 2047 in
668 2014 789 2054 eam,
821 2013 959 2045 omne
970 1997 1165 2061 frustum
1186 2001 1355 2056 bonum,
1391 1997 1546 2046 femur
1561 1999 1613 2047 &
1633 1999 1898 2056 humerum,
1932 2000 2123 2048 eledione
2154 1999 2287 2060 offium
2309 2003 2389 2048 im-

400 2066 490 2128 ple,
525 2065 743 2112 eleetione
766 2065 920 2127 gregis
943 2063 1224 2127 accipiendo,
1259 2064 1311 2112 &
1335 2065 1473 2112 etiam
1501 2064 1630 2126 focus
1653 2064 1788 2125 offium
1812 2065 1893 2113 sub
1923 2066 2013 2123 illa,
2048 2068 2183 2114 etiam
2209 2083 2389 2131 coquan-

402 2142 480 2179 tur
500 2129 648 2196 offajn
674 2131 828 2178 medio
857 2127 986 2193 ejus”
1034 2144 1183 2177 xxiv:
1223 2147 1271 2194 3,
1293 2148 1345 2191 4,
1374 2146 1418 2193 5.
1461 2146 1550 2185 103
1584 2129 1677 2177 olla
1698 2146 1785 2194 pro
1802 2131 2015 2180 violentia
2038 2133 2159 2181 iliata
2190 2132 2312 2181 bono
2335 2134 2387 2180 &

403 2212 531 2252 vero,
566 2197 672 2244 inde
711 2207 901 2243 vocatur
941 2195 1016 2242 illa
1053 2195 1165 2250 urbs⁴
1194 2195 1457 2259 sanguinem
1495 2196 1559 2243 ibi
1581 2195 1725 2243 Vers:
1747 2195 1813 2251 63
1858 2195 2015 2254 frusta,
2067 2198 2262 2247 frustum
2306 2200 2388 2246 bo·

402 2264 535 2320 num,
570 2261 720 2311 femur
747 2263 797 2310 &
823 2261 1039 2309 humerus
1062 2262 1107 2309 in
1124 2261 1246 2309 illam
1269 2262 1476 2318 colledia,
1515 2261 1614 2309 sunt
1637 2277 1807 2319 carnes,
1831 2278 1939 2326 quae
1966 2263 2065 2311 sunt
2090 2264 2237 2320 bona;
2272 2265 2386 2312 elec-

402 2330 470 2376 tio
492 2331 676 2385 offium,
710 2344 802 2392 qua
818 2327 906 2376 olla
927 2327 1132 2400 impleta,
1157 2344 1243 2392 pro
1263 2330 1381 2376 veris
1402 2350 1416 2384 ;
1452 2327 1579 2376 focus
1598 2329 1759 2375 ossium
1778 2344 1865 2392 pro
1887 2327 2122 2377 affeffione
2144 2332 2239 2378 veri
2259 2353 2273 2386 ς
2307 2346 2388 2378 co-

401 2407 603 2458 quantur
622 2395 715 2442 ofl’a
730 2397 777 2440 in
802 2394 956 2442 medio
979 2409 1094 2456 ejus,
1129 2410 1216 2458 pro
1240 2393 1453 2442 violentia
1476 2394 1561 2441 illis
1579 2394 1699 2441 illata
1719 2415 1734 2449 ς
1769 2394 1898 2458 quod
1922 2396 1964 2440 in
1985 2394 2067 2442 hac
2092 2397 2302 2458 parabola
2319 2412 2387 2444 re-

402 2460 588 2507 condita
610 2459 694 2507 fint
712 2475 888 2516 arcana,
922 2475 1031 2522 quae
1050 2459 1238 2515 Divina,
1271 2459 1463 2524 quisque
1484 2460 1638 2507 videre
1661 2460 1824 2523 potest,
1859 2472 1961 2508 turn
1985 2462 2112 2525 quod
2127 2461 2203 2509 illa
2219 2477 2386 2527 nequa-

403 2541 544 2589 quam
572 2524 667 2573 sciri
683 2538 868 2590 queant,
890 2524 972 2572 nisi
989 2523 1151 2572 sciatur
1173 2525 1287 2589 quid
1310 2527 1358 2572 in
1380 2525 1501 2574 sensu
1520 2527 1695 2574 interno
1719 2525 2001 2589 significatur
2021 2543 2102 2592 per
2119 2528 2278 2586 ollam,
2304 2545 2388 2593 per

404 2590 561 2649 frusta,
596 2590 748 2640 femur
782 2592 832 2640 &
857 2591 1123 2647 humerum,
1164 2607 1247 2656 per
1277 2590 1546 2640 elthionem
1581 2592 1761 2649 offium,
1797 2608 1878 2656 per
1900 2591 2059 2640 focum
2082 2595 2266 2652 ossium,
2299 2610 2386 2659 per

401 2659 556 2722 coqui.
625 2657 770 2723 Apud
791 2657 1001 2706 Micham
1021 2663 1055 2685 “
1079 2657 1247 2706 Nonne
1269 2656 1467 2706 vestrum
1493 2657 1631 2714 noffe,
1657 2655 1905 2720 judicium,
1938 2658 2048 2707 odio
2072 2659 2280 2708 habentes
2300 2661 2384 2709 bo-

399 2738 534 2782 num,
568 2724 620 2772 &
660 2735 860 2772 amantes
900 2723 1095 2780 malum,
1139 2725 1360 2788 rapientes
1400 2737 1554 2773 cutem
1587 2739 1748 2772 eorum
1771 2723 1963 2788 desuper
1985 2725 2088 2783 illis,
2124 2726 2177 2774 δε
2216 2742 2385 2775 carnem

400 2805 540 2838 eorum
563 2788 753 2856 desuper
769 2788 909 2851 offibus
926 2805 1084 2846 eorum,
1118 2792 1202 2854 qui
1227 2791 1525 2840 comederunt
1547 2805 1714 2838 carnem
1729 2791 1878 2854 populi
1898 2793 1995 2848 mei,
2030 2792 2082 2839 δε
2107 2803 2262 2842 cutem
2287 2791 2384 2858 ejus
2429 2814 2445 2817 -

400 2853 589 2921 desuper
610 2857 673 2905 eis
695 2856 1000 2914 detraxerunt,
1038 2855 1090 2902 &
1119 2855 1203 2921 ff
1238 2872 1379 2906 eorum
1408 2855 1703 2922 dtjffregerunt,
1737 2872 1790 2904 ac
1823 2856 2072 2906 diviserunt
2105 2857 2219 2907 ficut
2249 2860 2296 2907 in
2319 2860 2381 2907 ol-

399 2920 504 2977 lam,
538 2922 589 2969 &
606 2922 718 2970 ficut
737 2938 905 2971 carnem
928 2922 973 2970 i‘n
995 2921 1201 2970 medium
1226 2922 1417 2971 lebetis”
1446 2940 1542 2971 111:
1569 2938 1612 2970 2.
1635 2938 1681 2985 3,
1717 2922 1934 2972 similiter.
2002 2925 2150 2988 Apud
2182 2925 2380 2973 Ezechi-

400 2985 519 3032 elem
559 2993 593 3015 “
616 2987 794 3036 Eduxit
832 3004 908 3036 me
943 2989 989 3036 in
1029 2986 1187 3052 spiritu
1210 2988 1426 3052 jehovae,
1459 2989 1510 3039 &
1533 2987 1687 3054 posuit
1727 3006 1803 3038 me
1841 2991 1887 3038 in
1913 2990 2068 3038 medio
2092 2989 2240 3048 vallis,
2273 3007 2380 3056 quae

399 3062 494 3113 erat
512 3051 636 3114 plena
656 3052 830 3114 offibus;
864 3054 980 3101 dixit
1001 3054 1059 3101 ad
1083 3070 1175 3112 me,
1210 3070 1324 3104 num
1357 3057 1519 3103 vivent
1538 3053 1623 3119 offa
1656 3055 1778 3103 haec:
1815 3056 1930 3103 dixit
1963 3055 2021 3104 ad
2046 3072 2122 3105 me
2155 3058 2379 3122 propheta

388 3116 521 3179 fizper
541 3115 683 3178 offibus
703 3118 802 3175 his,
823 3119 873 3166 &
897 3118 973 3166 dic
1009 3119 1066 3166 ad
1095 3120 1187 3179 illa,
1220 3119 1303 3185 offa
1340 3120 1486 3178 arida,
1523 3121 1675 3169 audite
1696 3121 1891 3169 verbum
1915 3120 2133 3184 Jehovae3
2168 3122 2229 3170 fic
2263 3123 2378 3168 dixit

234 3212 236 3215 »
335 3229 338 3233 ,
402 3181 630 3231 Dominus
653 3183 853 3245 Jehovih
890 3182 1031 3245 qfflbus
1066 3184 1152 3244 bis,
1184 3201 1290 3235 ecce
1313 3187 1423 3248 Ego
1445 3187 1671 3253 adducens
1694 3185 1873 3252 spiritus
1895 3189 1941 3235 in
1963 3202 2065 3246 vos,
2102 3200 2155 3236 ut
2194 3188 2377 3243 vivatis,

1284 3250 1317 3298 S
1340 3249 1366 3298 s
1379 3248 1408 3300 s
2259 3251 2384 3302 dabo
