2904 3750
8 3707 13 3717 4.
15 3685 18 3690 .
0 3358 13 3661 «amsani-*rmwm

750 223 1088 287 CAPUT
1134 179 1701 287 VIGESIMUM
1748 163 2169 290 SEJZTUM.
2323 246 2454 310 339

456 356 690 428 apparuit
728 358 879 430 tristis
918 360 976 412 δέ’
1014 356 1222 428 obscura,
1244 355 1341 421 sed
1372 356 1426 408 in
1468 356 1558 409 illa
1595 367 1738 408 erant
1762 356 1944 426 Angeli
1987 356 2195 426 iffantes
2229 355 2455 428 pulcher-

454 432 580 483 rime
616 431 828 485 decorati
864 433 918 484 in
946 429 1187 502 paradtfis
1217 431 1274 482 &5
1312 430 1492 498 floretis
1530 429 1857 499 amaenffmis,
1896 448 2000 500 quoe
2024 442 2181 482 tamen
2207 451 2293 484 non
2316 430 2455 484 vide-

453 501 571 557 bant
589 532 607 569 3
644 496 1074 576 interrogabantur
1108 514 1223 556 tunc
1257 521 1398 574 quam
1432 503 1570 555 viam
1604 504 1679 555 ire
1703 503 1891 566 vellent,
1932 501 2148 555 dicebant
2176 506 2340 568 latam,
2363 502 2457 573 st'd

437 578 602 649 stcbito
637 577 981 648 aperiebantur
1013 578 1111 630 illis
1148 578 1284 640 oculi,
1324 577 1382 629 ἔθ’
1421 578 1474 629 in
1518 578 1622 629 lata
1660 576 1889 629 videbant
1912 577 2171 648 strpentes,
2211 579 2262 630 in
2267 579 2455 647 stritta

451 663 610 704 autem
646 650 860 722 angelos;
900 652 958 704 Εὖ*
999 663 1115 704 tunc
1159 652 1338 704 iterum
1382 651 1813 722 interrogabantur
1858 671 1998 723 quam
2045 652 2181 703 viam
2233 652 2308 704 ire
2350 654 2453 704 vel-

449 724 561 787 lent,
599 735 713 777 tunc
750 724 996 778 haerebant
1040 726 1218 790 taciti3
1266 727 1323 778 ἕξ
1364 738 1594 798 quantum
1634 725 1944 796 aperiebatur
1983 726 2080 777 illis
2122 727 2267 798 vifits,
2326 726 2453 779 dice-

450 797 568 850 bant
599 799 654 867 se
696 799 773 851 ire
815 800 933 852 velle
957 801 1207 871 strictam,
1262 802 1320 854 &
1364 812 1594 872 quantum
1633 799 1943 853 claudebatur
1987 799 2131 872 visus,
2153 801 2213 872 fi'
2237 801 2312 852 ire
2336 801 2454 853 velle

448 871 616 925 latam.

527 965 633 1018 347
643 946 688 999 8.
730 948 901 1000 Etiam
943 947 1379 1020 repraesentabatur
1422 967 1582 1000 coram
1622 947 1894 1022 quibusdam
1921 945 2299 1001 Tabernaculum
2343 967 2450 1001 cum

450 1022 627 1085 Arca3
667 1023 750 1094 qui
791 1023 914 1074 enim
942 1022 1090 1074 Verbo
1112 1023 1407 1094 summopere
1450 1021 1672 1075 delebtati
1692 1023 1925 1091 fuerunt,
1965 1043 2070 1076 cum
2112 1024 2346 1076 vixerunt
2396 1025 2450 1075 in

449 1095 632 1160 mundo,
672 1095 769 1148 illis
792 1097 918 1148 talia
943 1116 1113 1169 quoque
1131 1097 1370 1167 sstuntur
1406 1096 1617 1149 videnda
1639 1124 1654 1160 ;
1692 1098 1768 1148 ita
1800 1109 1915 1149 tunc
1940 1095 2319 1150 Tabernaculum
2343 1116 2450 1150 cum

449 1170 574 1221 omni
617 1170 714 1239 ejus
753 1181 1013 1241 apparatu,
1053 1183 1211 1241 nempe
1250 1190 1353 1223 cum
1397 1171 1562 1234 atriis,
1602 1171 1769 1224 aulaeis
1805 1174 2002 1234 circum,
2042 1172 2160 1223 velis
2185 1173 2332 1235 intus,
2371 1172 2448 1223 al-

451 1243 560 1294 tari
593 1261 735 1296 aureo
752 1244 844 1314 fi’u
860 1244 1069 1316 suffitus,
1109 1244 1262 1308 mensa
1302 1244 1385 1297 ubi
1417 1255 1580 1316 panes,
1622 1243 1918 1310 candelabro,
1957 1246 2299 1317 propitiatorio
2341 1265 2448 1298 cum

447 1315 696 1380 cherubi53
737 1318 794 1370 ὃ
839 1329 952 1371 tunc
976 1319 1129 1388 stmul
1146 1318 1410 1390 spiritibus
1445 1318 1611 1390 probis
1651 1317 1862 1371 dabatur
1891 1320 2158 1391 percipere,
2197 1319 2316 1392 quid
2335 1321 2445 1390 fin-

441 1390 563 1460 gula
581 1391 952 1461 significarent3
991 1405 1133 1445 erant
1169 1405 1266 1444 tres
1292 1393 1431 1456 Caeli,
1470 1394 1553 1464 qui
1577 1404 1672 1464 per
1698 1390 1751 1445 ‘T
1741 1392 2078 1446 abernaculum
2116 1394 2450 1465 repraest’ntati
2486 1424 2495 1434 -

429 1464 569 1535 fitnt,
610 1466 667 1517 ἐξ
693 1465 792 1537 Jpst’
815 1467 1054 1519 Dominus
1088 1478 1182 1537 per
1207 1463 1532 1536 Testimonium
1571 1468 1625 1519 in
1651 1469 1793 1520 Arca
1821 1467 1972 1539 fitper
2011 1488 2104 1540 qua
2145 1469 2447 1540 Propitiato-

446 1538 617 1602 rium3
671 1540 729 1591 δέ*
772 1552 1001 1610 quantum
1042 1540 1139 1592 illis
1182 1540 1492 1611 aperiebatur
1533 1541 1679 1613 visits,
1727 1553 1919 1594 tantum
1962 1542 2016 1594 in
2058 1543 2156 1595 illis
2195 1543 2450 1613 caelestiora

444 1631 504 1663 ac
530 1612 810 1664 Diviniora
846 1611 1094 1676 videbant,
1131 1633 1327 1685 quorum
1365 1613 1543 1667 nullam
1582 1614 1888 1684 cognitionem
1928 1615 2195 1669 babuerunt
2238 1617 2292 1669 in
2335 1617 2451 1669 vita

445 1685 668 1756 corporis,
722 1692 781 1745 ξεῖ*
824 1685 946 1758 quod
985 1688 1178 1750 mirum,
1234 1706 1321 1739 non
1365 1698 1476 1739 erat
1520 1688 1768 1741 minimum
1812 1688 1900 1751 ibi,
1948 1689 2070 1761 quod
2098 1710 2186 1743 non
2228 1691 2332 1764 effet
2368 1712 2448 1744 re-

435 1759 854 1830 praesentativum,
892 1760 1028 1833 usque
1071 1760 1141 1814 ad
1179 1780 1315 1814 uncos
1359 1762 1417 1814 ἔθ’
1456 1762 1682 1827 annulos;
1721 1763 1784 1815 ut'
1784 1761 1938 1834 solum
1963 1764 2016 1816 in
2042 1766 2182 1817 Pane
2206 1766 2291 1837 qui
2304 1766 2450 1837 super

445 1834 614 1903 mensa,
654 1834 707 1886 in
732 1834 810 1886 illo
834 1846 890 1886 ut
927 1836 981 1886 in
1015 1835 1408 1906 repraesentativo
1450 1837 1508 1890 ἔθ’
1535 1836 1783 1910 sj'mbolico
1812 1837 2146 1910 percipiebant
2180 1840 2314 1892 illum
2339 1843 2423 1894 vic
2436 1874 2450 1884 -

444 1920 562 1970 tum,
601 1926 634 1959 a
658 1926 743 1979 quo
765 1907 944 1977 Angeli
967 1908 1163 1972 vivunt,
1203 1910 1279 1962 ita
1319 1929 1524 1963 amorem
1562 1911 1777 1983 coelestem
1817 1915 1874 1967 ἐξ
1895 1913 2208 1984 spiritualem
2245 1934 2351 1968 cum
2375 1935 2448 1968 eo-

444 2000 556 2034 rum
581 1980 765 2051 faustis
809 1982 866 2033 69³
888 1981 1137 2052 filicibus,
1175 2001 1235 2036 ac
1272 1983 1325 2036 in
1363 1984 1441 2036 illo
1473 1984 1532 2038 &²
1568 1987 1622 2039 in
1659 1986 1732 2040 his
1756 1986 1912 2059 Ipficm
1935 1987 2218 2052 Dominum,
2257 2001 2312 2041 ut
2338 1992 2447 2043 Pa-

444 2074 548 2106 nem
575 2055 667 2126 st’u
707 2058 949 2108 Mannam
992 2075 1017 2107 e
1055 2056 1188 2120 caelo,
1231 2067 1424 2126 praeter
1456 2058 1610 2128 plura
1650 2079 1713 2112 ex
1751 2063 1948 2114 Panum
1968 2061 2160 2132 forma,
2211 2064 2446 2134 pofitione‚

444 2147 651 2191 numero,
691 2131 748 2183 &2³
783 2148 842 2181 ex
879 2148 999 2182 auro
1036 2129 1160 2202 quod
1192 2129 1268 2182 ibi
1310 2130 1510 2194 circum,
1549 2132 1608 2185 δεῖ
1633 2152 1693 2185 ex
1718 2134 2010 2188 Candelabro
2047 2156 2072 2188 e
2110 2155 2196 2209 quo
2220 2138 2308 2190 illa
2332 2140 2447 2192 illu-

444 2203 633 2255 minata
668 2202 822 2256 adhuc
864 2203 1145 2257 exhibebant
1181 2205 1614 2279 repraesentationes
1652 2226 1816 2259 rerum
1850 2208 2254 2278 ineffabiliorum3
2292 2213 2370 2265 ita
2394 2214 2447 2266 in

444 2277 668 2347 reliquis3
707 2297 766 2329 ex
804 2277 971 2348 quibus
1009 2279 1214 2347 constare
1256 2298 1428 2352 quoque
1455 2280 1632 2351 potuit,
1670 2280 1793 2354 quod
1824 2281 2033 2335 ritualia
2060 2283 2152 2353 seu
2186 2289 2445 2355 repraestn-

441 2351 608 2402 tativa
654 2351 871 2421 Ecclefiae
918 2352 1152 2424 Judaicae
1201 2354 1254 2405 in
1304 2353 1361 2421 je
1409 2355 1731 2408 continuerint
1780 2356 1938 2408 omnia
1991 2375 2178 2409 arcana
2223 2360 2444 2428 Ecclefiae

445 2423 746 2494 Chrssianae,
785 2436 887 2478 tum
925 2426 1048 2497 quod
1080 2427 1171 2490 illi,
1210 2425 1376 2499 quibus
1415 2428 1816 2500 repraesentativa
1850 2429 1908 2482 &²
1932 2429 2270 2502 fignificativa
2295 2434 2446 2487 Verbi

444 2497 630 2550 Veteris
659 2497 939 2570 Testamenti
980 2500 1287 2572 aperiuntur,
1327 2502 1537 2555 Arcana
1562 2503 1781 2576 Ecclefiae
1805 2504 2015 2557 Domini
2045 2505 2100 2558 in
2132 2502 2296 2570 terris,
2335 2527 2442 2562 cum

440 2571 622 2623 vivunt
646 2572 699 2625 in
723 2572 907 2637 mundO,
947 2575 1006 2627 &²
1031 2585 1319 2628 ‘arcanorum
1342 2595 1532 2630 arcana
1568 2597 1676 2650 quae
1699 2578 1752 2630 in
1776 2579 1938 2649 Regno
1963 2579 2170 2633 Domini
2206 2580 2259 2632 in
2297 2582 2440 2647 caelis,

443 2664 550 2699 cum
573 2645 626 2698 in
650 2646 856 2700 alteram
880 2648 1040 2701 vitam
1064 2650 1283 2714 veniunt,
1303 2650 1442 2719 scire
1465 2651 1524 2705 δέ
1540 2653 1789 2725 percipere
1803 2653 1983 2724 poffi'nt.

520 2737 681 2793 3479.
721 2720 898 2794 Judaei
940 2723 1024 2796 qui
1062 2735 1174 2777 ante
1198 2724 1406 2778 Domini
1442 2724 1702 2780 adventum
1740 2727 1992 2792 vixerunt,
2012 2729 2144 2797 ficut
2178 2730 2325 2783 etiam
2357 2733 2441 2803 qui
2498 2749 2503 2753 ·

429 2793 601 2864 postea,
641 2814 730 2848 non
753 2795 904 2849 aliam
929 2798 1185 2869 opinionem
1222 2798 1279 2852 de
1301 2799 1562 2854 ritualibus
1589 2801 1809 2872 Ecclejiae
1826 2802 1938 2872 ficae
1975 2802 2259 2868 habuerunt,
2298 2825 2438 2878 quam

440 2868 563 2937 quod
575 2869 746 2923 'cultus
769 2870 996 2925 Divinus
1017 2872 1173 2943 solum
1216 2873 1468 2945 corfisteret
1508 2877 1564 2929 in
1603 2877 1830 2941 externis,
1875 2877 1995 2950 quid
2033 2878 2440 2951 repraesentabant

441 2940 500 2992 &
522 2943 882 3014 significabant,
922 2946 1051 2999 nihil
1090 2948 1363 3013 curabant3
1401 2969 1489 3003 non
1527 2951 1653 3004 enim
1673 2950 1917 3023 sciebant,
1952 2971 2036 3005 nec
2043 2954 2181 3024 scire
2202 2953 2435 3017 volebant,

438 3015 560 3083 quod
591 3017 783 3090 aliquod
816 3020 1064 3075 internum
1105 3022 1257 3076 cultus
1297 3024 1355 3077 &5
1381 3023 1532 3077 Verbi
1568 3025 1788 3090 daretur,
1841 3027 1918 3078 ita
1961 3029 2084 3098 quod
2116 3027 2282 3099 aliqua
2323 3029 2434 3079 vita

438 3085 542 3158 effit
570 3091 671 3160 post
714 3104 922 3160 mortem,
960 3096 1280 3170 constquenter
1320 3097 1442 3170 quod
1480 3098 1675 3173 aliquod
1713 3100 1894 3164 caelum,
1934 3112 2077 3154 erant
2100 3101 2224 3154 enim
2239 3101 2434 3224 prorsus

1361 3173 1415 3226 U
1439 3192 1474 3228 u
1515 3190 1545 3228 2
2202 3174 2376 3244 sensua
2393 3193 2439 3226 es
