2872 3730
474 259 604 346 135
768 330 774 333 μ
979 250 1955 349 ΘΕΝἏΕΒΙΒ.

471 404 583 436 num
608 386 732 451 quod
759 387 803 434 in
829 386 913 435 illis
935 404 1040 452 quae
1075 389 1192 438 inde.
1262 391 1493 441 Dominus
1515 400 1666 438 autem
1691 389 1896 452 Jehovah
1920 392 2045 438 Deus
2084 389 2192 444 coeli
2217 389 2383 440 dicitur
2405 407 2463 443 ex

475 455 651 505 Divino
674 454 815 517 ipsius
837 455 962 517 quod
995 456 1040 501 in
1065 456 1212 512 coelis,
1249 459 1295 504 &
1323 458 1447 504 Deus
1472 470 1600 504 terrae
1625 473 1684 504 ex
1706 458 1882 505 Divino
1902 457 2030 521 quod
2060 459 2106 504 in
2136 457 2295 513 terris}
2329 460 2475 517 Divif'

478 537 588 568 num
609 522 655 567 in
679 520 807 567 coelis
838 522 973 568 etiam
999 520 1063 568 est
1084 523 1207 585 quod
1231 523 1607 586 apudffhominem
1634 526 1680 570 in
1710 524 1894 571 internis
1916 522 2028 587 ejus,
2062 525 2289 573 Divinum
2313 538 2465 574 autem

481 590 526 633 in
565 599 679 634 terra
711 585 774 633 est
805 588 932 649 quod
966 589 1012 634 in
1042 587 1136 649 ejus
1169 590 1391 645 externis;
1417 588 1599 637 ‘interna
1632 590 1755 637 enim
1787 590 1984 637 hominis
2014 588 2115 637 sunt
2147 589 2241 655 ejus
2272 592 2467 650 coelum,

481 655 586 716 quia
621 668 700 716 per
734 652 808 699 illa
844 650 1109 717 conjunctus
1148 654 1211 701 est
1246 656 1433 717 angelis,
1466 669 1648 712 externa
1671 669 1821 703 autem
1845 655 1939 720 ejus
1970 655 2071 704 sunt
2094 670 2222 714 terra,
2259 674 2365 706 narn
2390 673 2471 721 per

486 721 560 766 illa
585 716 849 783 conjunctus
873 720 934 766 est
958 719 1233 776 hominibus,
1270 737 1330 767 n:
1361 726 1435 771 82.
1463 737 1573 786 913.
1607 739 1743 779 1411.
1775 738 1895 786 1733
1919 745 1934 779 ·,
1978 739 2087 770 cum
2111 723 2254 770 homo
2286 739 2469 787 regene-

456 799 459 801 ’
486 798 605 831 ratus
630 785 708 840 cst,
745 798 853 831 tunc
878 786 952 831 Illa
975 786 1169 833 influunt
1190 788 1237 833 in
1262 786 1376 844 haec,
1413 788 1461 835 &
1487 788 1584 835 haec
1609 787 1710 835 sunt
1739 788 1794 835 ab
1817 790 1934 837 illis:
1970 789 2074 837 inde
2097 794 2233 837 etiam
2256 789 2354 838 sciri
2387 807 2472 857 po·

490 851 588 907 test,
625 850 737 914 quid
760 850 974 898 Ecclefiae
1000 854 1192 909 lnterna,
1228 854 1278 900 &
1302 854 1411 916 quid
1435 851 1528 917 ejus
1551 854 1762 901 Externa.

558 934 698 979 3024.
738 917 884 977 ond
908 934 999 964 non
1032 919 1219 982 accipias
1245 920 1480 967 mulierem
1516 920 1611 967 filio
1643 928 1747 968 rneo
1778 937 1803 968 e
1828 917 2004 969 filiabus
2025 922 2299 980 Canaanitae,
2335 922 2473 985 figni-

491 985 596 1030 ficet
619 982 746 1045 quod
772 982 1006 1030 Rationale
1028 985 1253 1032 Divinum
1290 1001 1383 1032 non
1415 984 1764 1050 conjungeretur
1803 988 1935 1034 alicui
1971 985 2194 1036 affectioni
2229 1004 2336 1052 quae
2366 1004 2474 1036 cum

491 1065 598 1096 vero
624 1046 860 1104 discordat,
896 1047 1069 1097 constat
1101 1066 1127 1096 a
1160 1050 1480 1113 significatione
1515 1056 1712 1116 accipere
1737 1053 1990 1111 mulierem,
2031 1055 2158 1117 quod
2181 1055 2235 1103 fit
2257 1052 2477 1118 conjungi

492 1131 571 1178 per
611 1111 764 1159 foedus
804 1112 1038 1177 conjugii;
1088 1130 1145 1162 ex
1181 1116 1503 1179 significatione
1542 1117 1624 1164 filii
1663 1121 1770 1176 mei,
1812 1135 1978 1182 nempe
2001 1119 2220 1180 Jischaki,
2259 1121 2387 1184 quod
2424 1120 2481 1167 fit

492 1179 726 1228 Rationale
748 1179 975 1226 Divinum
1000 1181 1227 1236 Domini,
1263 1181 1320 1227 de
1340 1197 1432 1244 qua
1463 1198 1525 1230 n:
1551 1187 1690 1248 1893.
1719 1185 1860 1233 2066.
1898 1188 2040 1246 2083.
2076 1185 2239 1248 2630;
2284 1201 2310 1233 a
2342 1185 2479 1247 figni-

490 1246 696 1294 ficatione
718 1244 931 1301 filiarum,
955 1245 1083 1308 quod
1105 1245 1190 1294 fint
1212 1246 1484 1304 affeffiones,
1505 1248 1563 1295 de.
1585 1263 1675 1311 qua
1697 1264 1728 1296 n
1748 1266 1758 1296 z
1777 1254 1890 1315 489.
1916 1263 2029 1310 490.
2043 1264 2158 1314 491.
2183 1251 2291 1312 568.
2320 1250 2443 1313 2362
2461 1271 2478 1306 ς

490 1314 541 1360 δε
565 1328 589 1358 a
607 1311 927 1373 significatione
950 1312 1222 1369 Canaanitae,
1257 1313 1381 1376 quod
1405 1313 1460 1361 fit
1480 1313 1669 1371 malum,
1705 1314 1763 1361 de
1783 1331 1873 1379 qua
1895 1331 1925 1363 n
1945 1334 1957 1365 ε
1981 1332 2122 1377 1444.
2154 1331 2291 1381 1573.
2323 1330 2447 1380 1574
2464 1337 2481 1372 ς

491 1378 595 1424 inde
617 1378 680 1423 est
702 1378 830 1441 quod
864 1377 971 1424 filiae
994 1377 1251 1428 Canaanitae
1284 1377 1370 1427 fint
1403 1379 1677 1437 affectiones,
1711 1397 1819 1444 quae
1855 1398 1880 1428 a
1908 1397 2016 1429 vero
2039 1381 2307 1430 discordant.
2359 1383 2481 1446 Agi-

491 1458 567 1491 tur
589 1442 662 1490 hic
685 1442 742 1490 de
758 1444 883 1491 Vero
903 1445 1093 1501 Divino,
1127 1444 1255 1509 quod
1282 1444 1625 1510 adjungendum
1651 1448 1782 1496 Bono
1801 1448 1982 1496 Divino
2005 1448 2252 1497 Rationalis
2268 1449 2516 1506 Domini,„‘

493 1523 548 1557 ut
584 1509 730 1556 videri
768 1509 914 1574 potest
948 1527 973 1557 a
1003 1513 1226 1559 contentis
1258 1528 1320 1559 n:
1343 1530 1505 1575 3013;
1542 1529 1623 1576 per
1654 1513 1894 1562 mulierem
1927 1530 2034 1577 quae
2073 1513 2246 1562 foedere
2279 1513 2481 1578 conjugii
2558 1531 2560 1533 ·

450 1585 453 1588 ’
494 1575 758 1632 associanda,
793 1576 1062 1639 intelligitur
1100 1575 1249 1640 ipsum
1285 1577 1401 1624 illud
1422 1576 1617 1634 Verum,
1651 1580 1778 1642 quod
1813 1594 1894 1642 per
1931 1582 2055 1627 viam
2076 1595 2393 1628 communem
2425 1595 2484 1629 ex

493 1641 700 1689 Naturali
721 1641 904 1688 homine
926 1643 1209 1689 evocandum
1232 1663 1246 1697 ;
1281 1658 1360 1706 per
1383 1642 1533 1690 filium
1557 1659 1716 1690 meum
1740 1644 2007 1706 intelligitur
2029 1645 2266 1693 Rationale
2289 1644 2483 1694 Domini

494 1707 646 1770 quoad
671 1707 862 1763 bonum,
897 1708 972 1754 cui
1003 1705 1346 1771 adjungendum
1381 1709 1454 1756 seu
1485 1709 1826 1765 associandum3
1866 1708 1972 1757 inde
2006 1709 2113 1758 scire
2150 1710 2315 1775 potest,
2349 1709 2478 1775 quod

483 1789 576 1837 ¹per
602 1789 692 1820 non
714 1775 935 1836 acciperet
960 1773 1195 1822 mulierem
1218 1773 1314 1822 filio
1349 1791 1374 1821 e
1406 1774 1582 1822 filiabus
1605 1776 1881 1833 Canaanitae,
1916 1775 2207 1850 significetur,
2241 1777 2369 1841 quod
2392 1792 2485 1824 non
2574 1777 2580 1782 ’

497 1836 847 1902 conjungeretur
878 1838 1008 1886 alicui
1045 1839 1270 1892 affeffioni
1303 1856 1409 1908 quae
1439 1858 1465 1889 a
1487 1857 1595 1889 vero
1628 1841 1882 1898 discordat3
1922 1843 2071 1890 omnis
2107 1843 2366 1906 conjunctio
2389 1844 2484 1891 veri

496 1921 605 1951 curn
629 1905 749 1952 bono
773 1904 826 1951 fit
848 1921 930 1968 per
952 1904 1253 1963 affectionem,
1288 1906 1509 1971 nusquam
1531 1909 1653 1955 enim
1687 1907 1871 1972 aliquod
1895 1923 2058 1955 verum
2091 1909 2226 1955 intrat
2254 1909 2302 1955 in
2325 1909 2485 1957 Ratio·
2566 1948 2571 1949 γ

498 1971 594 2017 nale
618 1970 832 2027 hominis,
866 1971 916 2018 δε
953 1971 1015 2019 ibi
1039 1969 1348 2036 conjungitur,
1385 1973 1464 2020 nifi
1495 1989 1575 2037 per
1594 1973 1893 2031 affee'tionem‚
1931 1990 2036 2022 nam
2071 1975 2118 2021 in
2151 1973 2386 2023 affectione
2422 1974 2486 2023 est

497 2038 671 2083 bonum
695 2040 878 2093 amoris,
915 2037 1042 2099 quod
1079 2041 1210 2086 unice
1245 2038 1502 2102 conjungit,
1538 2056 1598 2087 n:
1625 2043 1766 2102 1895,
1798 2039 1928 2103 quod
1965 2043 2101 2088 etiarn
2136 2053 2301 2088 notum
2338 2041 2486 2104 potest

497 2102 581 2150 effe
614 2103 655 2149 ei
677 2103 758 2165 qui
782 2099 981 2150 reticetit.
1053 2104 1199 2167 Qiod
1222 2105 1330 2152 filiae
1353 2106 1614 2153 Canaanitae
1638 2105 1891 2169 significent
1913 2105 2167 2154 affectiones
2190 2121 2296 2169 quae
2330 2123 2356 2154 a
2378 2122 2487 2155 vero

497 2167 767 2224 discordant,
803 2168 891 2216 hoc
914 2169 992 2226 est,
1034 2170 1289 2218 affectiones
1312 2169 1425 2228 falfi,
1461 2172 1656 2219 constare
1679 2171 1827 2235 potest
1861 2187 1887 2218 a
1911 2171 2234 2234 significatione
2255 2172 2485 2229 filiarum;
2551 2216 2561 2221 ,

495 2234 628 2282 Filiae
659 2235 782 2281 enim
817 2236 864 2281 in
881 2235 1039 2283 Verbo
1078 2237 1235 2287 multis
1271 2237 1384 2285 locis
1423 2238 1732 2295 nominantur,
1769 2239 1818 2285 δε
1842 2237 2032 2301 quisque
2068 2237 2130 2285 ibi
2153 2238 2307 2286 videre
2339 2238 2488 2303 potest

496 2300 624 2362 quod
664 2316 756 2347 non
794 2300 905 2347 filiae
940 2301 1266 2366 intelligantur,
1316 2303 1430 2353 ficut
1468 2303 1583 2351 Filia
1606 2305 1782 2360 Zionis,
1831 2303 1948 2351 Filia
1975 2303 2333 2366 Hierosolymae,
2373 2304 2494 2352 Filia

495 2364 807 2422 Tharschisch,
844 2366 959 2414 Filia
979 2368 1140 2431 populi
1164 2371 1272 2426 mei,
1306 2385 1412 2433 quae
1434 2369 1561 2433 quod
1584 2369 1671 2417 sint
1692 2368 1946 2418 affectiones
1968 2368 2078 2418 boni
2100 2370 2151 2419 &
2172 2370 2283 2428 veri,
2307 2371 2354 2418 in
2377 2370 2501 2419 locis·

495 2430 628 2495 supra
666 2431 872 2479 adductis
912 2431 1136 2481 ostensum
1170 2435 1269 2492 est·,
1314 2437 1366 2483 &
1400 2438 1512 2499 quia
1549 2434 1653 2484 sunt
1690 2435 1946 2484 affectiones
1982 2435 2091 2484 boni
2126 2436 2176 2483 δε
2198 2438 2312 2494 veri,
2353 2438 2491 2500 etiam

497 2497 599 2543 sunt
620 2496 848 2554 Ecclesiae,
885 2515 992 2546 nam
1031 2500 1244 2550 Ecclefiae
1283 2501 1385 2549 sunt
1408 2501 1622 2549 Ecclefiae
1658 2518 1714 2550 ex
1744 2501 2056 2550 affectionibus
2088 2499 2207 2558 illis3
2250 2502 2371 2565 „inde
2407 2502 2493 2559 est,

497 2563 625 2624 quod
666 2579 746 2624 per
785 2564 948 2611 Filiam
973 2565 1131 2613 Zionis
1168 2567 1446 2629 significetur
1483 2566 1686 2614 Ecclefia
1713 2566 1922 2622 coelestis,
1959 2567 2008 2613 &
2042 2565 2130 2612 hoc
2165 2581 2223 2612 ex
2256 2566 2491 2629 affectione

498 2626 623 2683 boni,
659 2643 739 2689 per
762 2628 928 2676 Filiam
969 2642 1120 2677 autem
1146 2630 1468 2693 Hierosolyma
1490 2628 1690 2678 Ecclefia
1727 2629 1984 2694 spiritualis,
2019 2645 2075 2679 ex
2109 2629 2345 2679 affectione
2365 2633 2499 2689 veri,

501 2708 533 2739 n
558 2710 568 2740 ε
598 2709 622 2740 2
632 2692 759 2757 362;
805 2695 941 2740 etiam
977 2710 1058 2758 per
1095 2695 1240 2743 filiam
1278 2695 1439 2759 populi
1477 2697 1584 2752 mei,
1619 2695 1723 2743 Esai
1750 2714 1761 2743 :
1789 2711 2002 2756 xxi1t4.
2061 2697 2142 2757 Jer
2165 2710 2248 2744 :vr
2274 2714 2286 2745 ε
2312 2714 2384 2757 14.
2413 2699 2490 2750 26..

501 2759 634 2821 Cap:
657 2774 755 2805 viu
778 2776 790 2806 t
817 2775 888 2822 ¹9·
912 2776 986 2808 21.
1016 2777 1091 2809 22.
1119 2778 1197 2824 23,
1246 2762 1345 2824 Cap
1365 2780 1375 2808 ε
1395 2777 1515 2809 xiv:
1541 2777 1613 2825 17.
1655 2761 1924 2811 Threnzii:
1949 2780 2022 2811 11.
2070 2762 2195 2825 Cap:
2223 2765 2375 2811 1v:6.
2427 2764 2494 2812 E-

449 2834 452 2837 ’
502 2824 641 2871 zech:
664 2839 764 2870 xm
784 2842 795 2872 ι
818 2840 890 2888 17.
919 2824 1029 2872 Inde
1045 2839 1182 2888 patet,
1199 2827 1312 2890 quid
1329 2842 1410 2890 per
1425 2827 1558 2874 Filias
1575 2826 1796 2874 Gentium
1815 2849 1830 2884 3
1854 2839 1904 2874 ut
1919 2843 1999 2891 per
2011 2827 2122 2874 filias
2138 2828 2490 2887 Philistaeorum‚

500 2889 614 2936 filias
636 2890 848 2954 AEgypti,
884 2889 997 2938 filias
1018 2893 1136 2954 Tyri
1170 2894 1222 2940 δε
1244 2892 1441 2949 Sidonis,
1482 2892 1592 2940 filias
1620 2893 1812 2950 Edomi,
1847 2893 1959 2941 filias
1991 2892 2174 2950 Moabi,
2220 2895 2333 2942 filias
2356 2896 2494 2944 Chal-

501 2955 710 3003 daeorum
744 2956 794 3003 &
819 2954 1027 3014 Babelis,'
1047 2958 1158 3005 filias
1181 2958 1418 3016 Sodomae,
1449 2958 1738 3022 significatur,
1764 2959 1891 3022 quod
1920 2976 2085 3024 nempe
2109 2959 2362 3008 affectiones
2387 2962 2496 3009 mali

500 3022 549 3069 &
574 3019 683 3077 falfi,
717 3037 774 3068 ex
806 3021 974 3086 quibus
1006 3023 1232 3087 Religiosa
1265 3024 1466 3082 illorum,
1508 3027 1568 3072 ita
1600 3024 1690 3088 ipsa
1713 3025 1976 3089 Religiosa·,
2020 3026 2145 3089 quod
2184 3026 2282 3075 haec
2317 3028 2371 3074 fit
2404 3027 2495 3091 fig?

410 3088 415 3093 ’
453 3134 455 3136 ,
498 3087 698 3135 nificatio
734 3087 947 3145 filiarum,
988 3089 1185 3138 constare
1223 3090 1370 3154 potest
1405 3090 1462 3138 ab
1499 3091 1568 3138 his
1610 3092 1751 3147 locis;
1800 3087 1922 3156 apud
1962 3092 2269 3150 Ezechielem,
2309 3098 2343 3121 “
2368 3094 2495 3142 Filiae

496 3153 694 3201 Gentium
728 3152 1089 3203 lamentabuntur
1111 3158 1395 3220 AEgyptum,
1428 3156 1592 3220 plange
1615 3156 1744 3220 super
1768 3158 2059 3205 multitudine
2084 3159 2301 3222 AEgypti,
2340 3161 2387 3207 δι
2413 3156 2511 3207 de?

475 3217 699 3269 ..scendere
723 3217 791 3271 fac
815 3220 954 3279 illam,
991 3222 1114 3272 illam
1150 3223 1198 3272 &
1222 3223 1362 3272 Filias
1386 3224 1583 3274 Gentium
1606 3223 1925 3287 magntficaru‘m
1959 3225 2013 3273 ad
2037 3237 2201 3273 terram
2227 3224 2493 3275 inferiorum

1296 3307 1324 3355 3
1635 3317 1639 3324 =
2011 3347 2019 3353 -
2390 3306 2497 3338 cum
