2904 3750
630 174 972 244 CAPUT
1017 141 1584 244 v‘mEslMUM
1633 166 2154 247 ocTAvUM.
2272 202 2410 267 449

404 317 520 366 adeo
539 317 661 366 eritis
683 316 793 364 odio
816 314 956 363 habiti
989 331 1015 363 a
1037 312 1381 378 quibuscunque
1413 322 1599 375 propter
1619 309 1808 357 Nomen
1835 325 2005 359 meum.
2075 311 2193 358 Veni
2224 311 2280 358 ad
2315 311 2403 358 dis-

405 385 644 434 fidendum
678 384 914 431 hominem
947 391 1096 429 contra
1121 382 1298 427 Patrem
1337 378 1467 434 illius,
1521 379 1570 425 ὅτ
1591 376 1736 435 filium
1768 385 1916 423 contra
1952 381 2147 425 Matrem
2180 378 2310 436 illius,
2354 381 2402 425 &

405 468 575 500 nurum
610 462 765 498 contra
787 448 966 495 socrum
989 446 1140 499 illius;
1176 446 1226 492 δε
1261 443 1406 490 hostes
1441 444 1639 490 hominis
1671 454 1803 489 erunt
1826 442 2062 489 domestici
2097 444 2240 492 illius:
2285 443 2405 508 quis-

406 521 510 583 quis
542 529 664 565 amat
688 519 869 565 Patrem
904 515 953 560 &
974 512 1172 562 Matrem
1218 509 1350 572 supra
1386 510 1489 565 Me,
1535 526 1628 556 non
1664 508 1729 555 est
1764 509 1850 555 Me
1890 509 2075 570 dignuS,
2120 511 2168 557 &
2204 512 2403 574 quisquis

403 597 525 633 amat
544 584 689 644 filium
729 583 778 628 ὅτ
805 579 951 636 filiam
994 576 1123 641 supra
1158 577 1260 632 Me,
1311 592 1403 623 non
1444 575 1507 622 est
1544 576 1630 623 Me
1666 575 1885 639 dignus,”
1933 591 1995 621 x:
2019 593 2094 623 21.
2123 593 2198 624 22.
2222 594 2296 639 35.
2328 579 2401 640 36.

402 667 481 717 37.
516 650 652 697 Luc:
673 663 751 694 xu
774 665 785 694 :
812 663 891 710 49.
918 661 995 707 52.
1024 661 1101 708 53.
1173 642 1319 707 Apud
1342 642 1575 699 Eundem,
1613 646 1648 669 “
1671 643 1842 690 Omnis
1863 643 1944 706 qui
1973 641 2200 705 reliquerit
2223 644 2404 700 domos,

401 729 480 765 aut
510 715 682 770 fratres,
722 725 799 760 aut
831 712 1016 768 sorores,
1069 722 1147 758 aut
1176 711 1356 758 Patrem
1389 722 1467 757 aut
1488 712 1700 766 Μαΐνεφη,
1752 721 1830 756 aut
1869 724 2079 763 uxorem,
2115 721 2192 758 aut
2225 709 2403 765 liberos,

398 780 476 831 aut
496 797 645 846 agros,
680 795 846 844 proper
864 779 1055 826 Nomen
1081 792 1254 834 meum,
1293 776 1562 840 centuplum
1593 777 1800 840 accipiet,
1839 777 1950 823 vitae
1982 789 2166 823 aeternae
2201 774 2405 823 sortietur

399 848 758 904 haereditatem,’'
822 861 941 893 xix:
970 862 1046 909 29.
1095 845 1200 892 Luc
1227 862 1238 891 :
1264 858 1399 891 xv111
1428 862 1439 890 :
1468 861 1545 909 29.
1574 861 1651 908 30.
1711 843 1845 890 Marc
1871 861 1882 890 ε
1908 858 1969 890 x:
1996 860 2072 908 29.
2109 860 2185 906 30.
2258 843 2407 906 Apud

397 916 597 972 Lucam,
636 919 672 941 “
696 915 744 960 Si
773 915 875 977 quis
899 913 1025 959 venit
1047 910 1103 958 ad
1127 911 1230 968 Me,
1265 910 1316 958 &
1340 926 1432 958 non
1464 911 1552 958 odit
1575 912 1755 958 Patrem
1775 911 1923 972 suum,
1961 909 2010 957 &
2039 913 2238 958 Matrem
2258 911 2405 973 suam,

396 983 448 1031 &
472 997 682 1038 uxorem,
717 980 766 1028 &
791 980 972 1037 liberos,
1007 979 1056 1026 ὅτ
1096 976 1251 1024 fratres
1285 977 1334 1025 δι
1358 976 1544 1034 sorores,
1580 978 1678 1024 imo
1700 992 1812 1024 vero
1843 977 1981 1024 etiam
2021 976 2219 1023 animam
2259 976 2403 1032 suam,

398 1066 490 1097 non
515 1047 660 1113 potest
679 1046 925 1111 discipulus
950 1061 1078 1093 meus
1103 1044 1238 1101 effe,''
1274 1059 1396 1092 xiv:
1425 1044 1503 1094 26.
1573 1043 1722 1108 Apud
1746 1044 1981 1099 Marcum,
2019 1048 2054 1069 “
2072 1043 2245 1090 Tradet
2269 1042 2403 1090 frater

398 1115 582 1164 fratrem
614 1116 660 1162 in
686 1127 901 1170 mortem,
942 1113 991 1160 ὅτ
1016 1114 1154 1160 Pater
1175 1111 1342 1167 liberos,
1386 1111 1437 1158 &
1459 1109 1731 1173 consurgent
1762 1109 1887 1157 liberi
1921 1119 2068 1157 contra
2092 1111 2316 1166 Parentes,
2352 1112 2401 1157 &

397 1183 608 1230 occident
641 1180 758 1237 illos,
793 1181 899 1243 quia
930 1180 1050 1239 eritis
1083 1178 1194 1225 odio
1231 1176 1368 1224 habiti
1408 1175 1465 1223 ab
1497 1177 1713 1224 omnibus
1750 1188 1936 1240 propter
1970 1177 2158 1223 Nomen
2193 1179 2402 1232 meum,''

396 1265 502 1295 xiix
525 1267 537 1297 ε
563 1265 634 1296 12.
668 1265 741 1311 13.
782 1246 887 1293 Luc
907 1263 918 1293 ε
938 1261 1021 1291 xx1
1044 1263 1055 1293 ι
1082 1245 1152 1292 16.
1186 1259 1262 1307 17,
1303 1243 1366 1290 ibi
1400 1243 1457 1290 de
1490 1242 1880 1290 consummatione
1912 1241 2080 1298 saeculi‚
2117 1244 2167 1290 δε
2191 1243 2399 1290 describi-

397 1328 471 1362 tur
505 1314 639 1363 status
664 1312 879 1360 Ecclefiae
914 1310 1134 1375 perversae
1167 1310 1318 1374 quoad
1357 1309 1532 1357 bonum
1565 1310 1615 1357 δι
1639 1325 1820 1367 verum,
1859 1309 1990 1372 quod
2023 1325 2189 1375 nempe
2214 1310 2402 1357 Malum

395 1381 596 1445 insurget
619 1393 778 1428 contra
800 1394 979 1435 verum,
1021 1379 1070 1425 δε
1095 1375 1255 1424 falsum
1279 1389 1437 1425 contra
1460 1376 1662 1424 bonum:
1703 1375 1833 1440 quod
1853 1391 1934 1440 per
1955 1376 2138 1424 Patrem
2172 1376 2219 1424 in
2251 1392 2399 1441 oppo-

397 1448 481 1496 fito
503 1447 633 1501 sensu,
650 1446 926 1511 significetur
949 1444 1142 1503 malum,
1182 1459 1239 1491 ex
1263 1459 1385 1492 nunc
1418 1442 1561 1492 allatis
1585 1443 1695 1492 locis
1724 1454 1864 1507 patet,
1903 1442 2042 1491 etiam
2075 1442 2133 1491 ab
2154 1442 2243 1492 hoc
2275 1444 2400 1507 apud

395 1514 670 1576 Johannem,
708 1518 742 1540 “
766 1514 896 1574 Jesus
919 1512 1052 1568 dixit,
1087 1511 1120 1557 s1
1145 1511 1271 1558 Deus
1306 1511 1440 1571 vester
1460 1511 1601 1559 Pater
1630 1509 1752 1568 effet,
1792 1510 1996 1558 amaretis
2018 1510 2120 1566 Me,
2145 1510 2254 1574 Ego
2275 1512 2399 1559 enim

394 1597 452 1627 ex
477 1583 580 1628 Deo
614 1582 734 1629 exivi
769 1581 814 1626 &
840 1579 1005 1626 venio:
1049 1593 1131 1624 vos
1166 1593 1222 1624 ex
1245 1579 1384 1625 Patre
1405 1577 1569 1625 diabolo
1603 1576 1722 1634 estiS,
1762 1576 1813 1624 &
1836 1576 2076 1636 dqfiderium
2100 1579 2249 1638 patris
2270 1577 2401 1637 vestri

392 1647 531 1695 vultis
556 1645 713 1702 facere,
755 1644 827 1691 ille
852 1643 1082 1691 homicida
1110 1655 1205 1690 erat
1240 1642 1298 1689 ab
1320 1643 1467 1700 initio,
1506 1644 1557 1690 &
1591 1643 1639 1690 in
1661 1644 1845 1691 veritate
1875 1658 1968 1691 non
1990 1642 2126 1701 stetit,
2165 1644 2274 1707 quia
2307 1659 2399 1692 non

392 1713 455 1760 est
479 1714 640 1760 veritas
676 1713 722 1758 in
762 1711 858 1767 illo,
895 1709 1079 1775 quando
1114 1709 1319 1773 loquitur
1351 1709 1661 1766 mendacium,
1706 1724 1765 1757 ex
1798 1710 1994 1773 propriis
2029 1709 2254 1774 loquitur,
2289 1711 2399 1775 quia

399 1780 687 1828 mendacium
711 1778 901 1842 loquens
922 1776 1003 1832 est,
1028 1777 1078 1824 δε
1094 1786 1225 1838 pater
1246 1777 1383 1839 ejus.”
1431 1792 1539 1824 vm
1562 1794 1574 1824 :
1597 1780 1673 1840 38.
1701 1793 1780 1842 39.
1804 1792 1886 1837 41.
1909 1793 1990 1837 42.
2015 1793 2096 1836 44.

464 1863 608 1911 3704.
648 1846 712 1893 Et
736 1847 863 1893 Deus
888 1842 1107 1905 Jischaki,
1142 1843 1269 1907 quod
1303 1842 1527 1907 significet
1549 1843 1811 1891 Dominum
1848 1843 2001 1907 quoad
2025 1843 2254 1892 Divinum
2279 1844 2390 1892 Ηιιό

396 1929 602 1968 manum,
627 1910 802 1959 constat
823 1926 879 1958 ex
903 1909 1288 1973 repraesentatione
1303 1908 1523 1970 Jischaki,
1559 1909 1686 1974 quod
1709 1909 1764 1958 s1t
1786 1911 2015 1958 Divinum
2038 1910 2278 1959 Rationale
2298 1913 2397 1960 Do·

394 1980 523 2035 mini,
560 1981 608 2026 &
632 1978 741 2042 quia
762 1978 998 2024 Rationale
1037 1974 1100 2022 est
1140 1977 1185 2022 in
1225 1991 1320 2039 quo
1357 1976 1541 2024 inchoat
1572 1977 1872 2035 Humanum,
1909 1994 1970 2026 n:
1997 1995 2143 2043 2194,
2179 1978 2230 2025 δε
2253 1978 2314 2026 fic
2337 1995 2398 2027 ex

392 2062 487 2109 quo
512 2047 561 2093 &
578 2061 658 2108 per
680 2043 807 2108 quod
831 2042 894 2089 est
918 2043 1216 2098 Humanum,
1252 2042 1355 2090 ideo
1377 2042 1451 2091 hic
1483 2058 1567 2107 per
1587 2044 1742 2092 Deum
1761 2043 1963 2106 Jischaki
1998 2044 2277 2108 significatur
2307 2046 2396 2093 Di·

388 2115 550 2159 vinum
577 2113 857 2159 Humanum
881 2110 1088 2157 Domini.
1160 2108 1285 2168 Quia
1318 2110 1473 2156 omnia
1510 2111 1559 2158 δε
1597 2108 1772 2172 singula
1807 2112 1855 2158 in
1890 2110 2029 2169 coelo,
2067 2113 2118 2160 &
2153 2112 2310 2159 omnia
2344 2113 2397 2161 δε

390 2178 565 2242 singula
598 2177 719 2242 apud
756 2176 1009 2232 hominem,
1046 2176 1144 2222 imo
1182 2176 1228 2222 in
1266 2174 1471 2222 universa
1509 2186 1680 2232 natura,
1717 2175 1759 2222 se
1791 2175 1990 2224 referunt
2027 2177 2084 2225 ad
2125 2177 2301 2226 bonum
2342 2180 2394 2228 δε

389 2260 571 2303 verum,
606 2245 708 2292 ideo
742 2259 927 2307 quoque
963 2243 1193 2289 Divinum
1227 2242 1423 2289 Domini
1457 2241 1753 2305 distinguitur
1790 2242 1837 2289 in
1874 2244 2102 2291 Divinum
2133 2246 2318 2292 Bonum
2340 2246 2393 2294 &

387 2312 619 2358 Divinum
642 2311 837 2365 Verum,
874 2311 922 2357 &
947 2309 1174 2356 Divinum
1217 2310 1399 2355 Bonum
1441 2309 1634 2356 Domini
1674 2321 1865 2356 vocatur
1905 2309 2052 2366 Pater,
2089 2311 2140 2358 δε
2162 2311 2392 2359 Divinum

388 2377 566 2423 Verum
587 2376 762 2432 Filius·,
798 2374 871 2422 sed
899 2377 1125 2422 Divinum
1148 2376 1343 2422 Domini
1375 2391 1468 2422 non
1498 2374 1564 2422 est
1594 2375 1675 2422 nifi
1709 2391 1850 2438 quam
1874 2376 2077 2438 Bonum,
2114 2378 2211 2424 imo
2234 2377 2391 2441 Ipsum

389 2444 591 2499 Bonum,
627 2454 674 2489 at
701 2443 929 2490 Divinum
950 2441 1127 2487 Verum
1166 2440 1232 2488 est
1270 2441 1498 2488 Divinum
1539 2442 1722 2489 Bonum
1760 2443 1954 2489 Domini
1994 2444 2055 2492 ita
2092 2458 2308 2507 apparens
2345 2446 2395 2492 in

389 2509 512 2557 coelo
546 2507 619 2555 seu
652 2524 805 2556 coram
831 2507 1058 2570 Angelis;
1095 2507 1136 2554 se
1159 2506 1292 2554 habet
1315 2507 1402 2555 hoc
1427 2507 1540 2554 ficut
1563 2507 1658 2564 Sol,
1695 2507 1787 2572 ipse
1817 2507 1880 2556 sol
1915 2510 1961 2556 in
1992 2508 2066 2556 sua
2095 2511 2271 2558 eflentia
2293 2527 2388 2559 non

388 2575 454 2623 est
479 2574 557 2622 nis1
587 2591 725 2639 quam
750 2574 884 2638 ignis,
919 2573 993 2621 sed
1019 2575 1096 2620 lux
1128 2590 1235 2637 quae
1258 2574 1362 2620 inde
1391 2586 1591 2638 apparet,
1627 2591 1722 2622 non
1759 2573 1824 2622 est
1856 2575 1903 2622 in
1942 2574 2046 2633 sole,
2083 2575 2157 2624 sed
2196 2592 2223 2624 a
2261 2576 2387 2634 sole;

388 2643 516 2706 quod
540 2643 771 2690 Dominus
802 2641 951 2704 quoad
976 2642 1203 2688 Divinum
1238 2640 1419 2687 Bonum
1458 2640 1795 2704 repraesentetur
1834 2657 1914 2705 per
1943 2642 2099 2699 solem,
2135 2645 2183 2691 &
2205 2659 2391 2708 quoque

388 2709 516 2772 quod
555 2709 610 2756 fit
648 2710 695 2756 in
735 2708 871 2755 altera
910 2708 1004 2754 vita
1039 2707 1117 2755 Sol
1156 2706 1362 2754 universo
1396 2707 1538 2764 coelo,
1573 2707 1782 2756 videatur
1818 2725 1876 2756 n:
1910 2726 2048 2772 1053.
2078 2726 2215 2772 1521.
2246 2728 2387 2778 1529.

396 2792 536 2839 1530.
570 2794 706 2839 1531.
730 2791 872 2840 2495.
904 2774 1043 2839 3636.
1073 2774 1197 2838 3643
1221 2797 1237 2830 ·,
1273 2775 1322 2823 ὅτ
1346 2774 1473 2838 quod
1497 2775 1728 2823 Dominus
1766 2776 1919 2839 quoad
1957 2777 2188 2823 Divinum
2211 2778 2390 2827 Verum

391 2841 729 2904 repraesentetur
766 2858 846 2905 per
883 2842 1080 2897 Lucem,
1117 2842 1166 2888 &
1190 2857 1375 2905 quoque
1413 2841 1466 2889 fit
1498 2842 1544 2889 in
1577 2841 1712 2890 altera
1732 2843 1835 2890 vita·
1848 2842 1960 2890 Lux
1982 2842 2210 2916 Universo
2232 2845 2390 2903 Coelo,

393 2923 450 2954 n:
484 2925 620 2972 1053.
652 2926 789 2984 ¹5².¹·
823 2925 959 2984 1529.
994 2926 1131 2984 1530.
1170 2909 1311 2972 2776.
1351 2912 1492 2983 3138.
1529 2926 1670 2986 3195..
1707 2926 1847 2973 3222.
1884 2927 2024 2985 3223.
2064 2928 2208 2976 3339.
2245 2929 2388 2976 3341.

393 2973 454 3036 36
461 2973 534 3036 36.
553 2976 705 3039 36433
730 2989 789 3022 xta
801 2976 1031 3022 Dominus
1049 2991 1095 3021 m
1119 2973 1194 3021 sua
1211 2974 1407 3022 Effentia
1424 2991 1515 3022 non
1533 2975 1595 3021 est
1620 2976 1700 3023 mfi
1722 2993 1860 3039 quam
1871 2977 2099 3024 Divinum
2116 2979 2316 3035 Bonum,
2340 2978 2392 3025 δι’.

393 3039 479 3085 hoc
503 3042 653 3102 quoad
679 3054 940 3104 utrumque,
977 3057 1142 3104 nempe
1159 3042 1310 3105 quoad
1326 3041 1482 3105 Ipsum
1499 3043 1729 3090 Divinum
1762 3044 1812 3090 &
1836 3044 2063 3093 Divinum
2083 3045 2391 3099 Humanum,

381 3103 465 3150 sed
488 3105 716 3153 Divinum
732 3107 907 3154 Verum
935 3124 1026 3155 non
1050 3108 1112 3155 est
1137 3109 1184 3154 in
1207 3109 1383 3154 Divino
1398 3110 1544 3165 Bono,
1581 3108 1654 3155 sed
1676 3126 1699 3156 a
1722 3110 1897 3157 Divino
1915 3111 2063 3166 Bono,
2089 3112 2149 3157 ita
2166 3112 2285 3157 enim
2307 3112 2392 3155 Di-

391 3171 556 3218 vinum
580 3172 763 3219 Bonum
786 3186 984 3236 apparet,
1022 3186 1072 3221 ut
1098 3173 1226 3237 supra
1248 3168 1444 3286 diffiffi
1466 3176 1527 3285 lin
1564 3175 1722 3233 cot-:⁶103
1757 3178 1807 3224 &
1831 3176 1938 3238 quia
1960 3176 2188 3224 Divinum
2213 3177 2396 3222 Bonum

2218 3253 2403 3306 apparet
