2872 3730
499 285 579 347 16
1007 257 1987 339 GENVESJS.

494 414 551 462 ad
575 415 730 470 Deum,
767 410 970 459 laetitiam
997 384 1291 455 exultatione?
1309 406 1476 462 meae,”
1511 404 1691 455 Psalm:
1718 415 1848 453 an'r
1872 424 1881 454 :
1909 424 1951 470 3.
1977 425 2038 469 4:
2074 406 2201 471 quod
2224 405 2498 473 Templum,

498 478 672 529 con-stat
705 478 828 541 apud
852 477 1123 538 Johannem,
1163 479 1195 500 “
1220 472 1347 534 Jesus
1389 473 1522 528 dixit,
1576 473 1733 520 solvite
1770 474 1984 535 Templum
2026 474 2129 530 hoc,
2182 473 2231 521 &
2271 474 2317 521 in
2361 476 2503 522 tribus

501 547 660 595 diebus
703 542 987 593 exsuscitabo*
1023 541 1168 588 illud:
1227 539 1327 604 Ipse
1371 539 1640 603 loquebatur
1693 539 1750 586 de
1795 539 1961 603 Templo
2009 542 2194 603 corporis
2234 543 2311 602 sui
2324 543 2371 600 ,”
2424 560 2498 589 11:

512 630 719 745 192338.
756 679 914 740 Qem
956 676 1061 723 dico
1101 674 1202 731 tibi,
1251 673 1377 737 quod
1418 643 1639 736 lignificet
1676 672 1791 719 ficut
1829 686 2124 738 percepturus
2163 675 2234 732 sit,
2270 675 2442 724 constat
2482 692 2506 722 a

509 746 833 811 srgnificatione
857 745 1019 799 dicere,
1055 741 1180 805 quod
1206 740 1259 788 fit
1292 741 1536 817 percipere,
1573 738 1629 785 de
1653 755 1742 816 qua
1766 738 1896 803 supra
1921 757 1976 818 n:
2004 742 2145 819 2769..
2298 811 2306 820 ι

505 829 739 946 saw&
763 810 1077 939 {ffssfffjiff‘dzfiss
1100 806 1682 938 sssssissJZssssxficffZsahssm
1697 808 2509 939 {miziznssliiffjsszzlj²‘§stffl

514 948 631 1010 ligna
670 945 907 1004 holocausti,
960 943 1014 991 ξς)
1042 943 1251 1005 surrexit,
1300 940 1355 988 δᾶ
1394 942 1479 987 ivit
1520 938 1580 986 ad
1611 939 1758 998 locum,
1810 957 1926 1005 quem
1964 942 2076 989 dixit
2109 944 2147 990 ei
2168 944 2301 991 Deus.
2371 942 2512 989 Mane

518 1013 705 1060 surrexit
725 1010 958 1058 Abraham
995 1011 1039 1056 in
1080 1009 1318 1064 matutino,
1355 1006 1575 1070 fignificat
1607 1006 1772 1054 statum
1806 1009 1926 1072 pacis
1956 1010 2005 1056 δε
2030 1010 2330 1056 innocentiae:
2369 1010 2415 1055 δε
2444 1010 2512 1055 in·

521 1079 676 1127 stravit
706 1078 878 1125 asmum
919 1076 1067 1131 suum,
1120 1074 1343 1137 fignificat
1379 1073 1627 1121 naturalem
1668 1074 1900 1122 hominem
1949 1091 2088 1138 quem
2126 1076 2427 1140 praeparavit:
2463 1077 2513 1123 &

523 1147 697 1209 accepit
728 1145 843 1191 duos
877 1158 1057 1207 pueros,
1094 1140 1314 1202 fignificat
1339 1140 1548 1187 rationale
1585 1140 1710 1203 prius
1739 1142 1866 1203 quod
1898 1140 2133 1204 adjunxit:
2172 1143 2217 1189 &
2246 1140 2516 1203 Jischakum

525 1212 671 1259 filium
698 1210 846 1266 suum,
883 1209 1103 1272 fignificat
1126 1205 1360 1254 Rationale
1381 1207 1611 1253 Divinum
1636 1223 1662 1253 a
1693 1205 1733 1253 se
1768 1208 1977 1270 genitum
1998 1226 2008 1255 :
2047 1209 2097 1255 δε
2120 1207 2222 1254 fidit
2245 1208 2367 1270 ligna
2389 1209 2520 1256 holo-

527 1277 680 1335 causti,
732 1276 954 1340 significat
994 1276 1210 1322 meritum
1240 1271 1458 1336 justitiae:
1511 1273 1561 1320 &
1601 1270 1787 1320 surrexit
1829 1272 2053 1337 fignificat
2089 1274 2414 1322 elevationem:
2468 1275 2518 1322 ὅτ

528 1346 613 1391 ivit
647 1344 703 1391 ad
737 1343 892 1390 locum
929 1358 1070 1405 quem
1103 1341 1219 1387 dixit
1248 1342 1287 1387 ei
1311 1341 1455 1397 DeUS,
1491 1339 1714 1403 fignificat
1737 1339 2037 1388 statum'tunc
2062 1339 2311 1388 secundum
2334 1356 2518 1404 percep-

528 1423 716 1458 tionem.

599 1481 741 1541 2780.
779 1475 918 1522 Mane
955 1473 1143 1522 surrexit
1167 1472 1399 1522 Abraham
1441 1474 1486 1520 in
1527 1475 1768 1532 matutino,
1805 1473 1933 1538 quod
1964 1472 2185 1538 significet
2215 1471 2381 1522 statum
2402 1475 2526 1539 pacis

532 1545 580 1592 ὅτ
606 1542 892 1598 innocentiae‚
928 1541 1099 1588 constat
1123 1558 1149 1588 a
1171 1541 1496 1604 significatione
1520 1555 1667 1597 mane,
1702 1552 1802 1587 turn
1846 1540 2023 1602 surgere
2059 1542 2105 1586 in
2136 1541 2378 1596 matutino,
2415 1557 2526 1588 cum

532 1609 806 1674 praedicatur
829 1607 886 1653 de
909 1608 1132 1663 Domino,
1169 1608 1249 1670 qui
1290 1606 1362 1653 hic
1397 1604 1459 1653 est
1484 1605 1745 1654 Abraham:
1785 1606 1924 1653 Mane
1948 1608 1997 1653 in
2021 1605 2257 1653 universali
2289 1605 2412 1653 sensu
2435 1608 2543 1670 lig-X

486 1723 489 1727 ,
535 1676 686 1723 nificat
707 1675 985 1730 Dominum,
1023 1676 1070 1720 δε
1112 1673 1216 1720 inde
1252 1674 1472 1736 Regnum
1503 1671 1662 1736 Ipfius,
1699 1671 2019 1735 consequenter
2057 1671 2239 1720 coeleste
2277 1674 2442 1721 amoris
2480 1676 2527 1720 in

534 1741 845 1789 communi&
881 1740 1150 1804 particulari,
1186 1752 1239 1786 ut
1264 1756 1322 1786 n:
1350 1757 1496 1803 2333,
1532 1737 1789 1795 ostensum·,
1825 1741 1874 1787 &
1911 1740 2017 1802 quia
2053 1739 2144 1797 illa,
2195 1739 2419 1803 significat
2457 1741 2526 1804 ip-

537 1807 638 1855 sum
675 1807 858 1863 statum,
895 1809 941 1853 in
971 1823 1066 1870 quo
1106 1805 1222 1863 sunt,
1258 1807 1338 1869 qui
1375 1805 1512 1852 status
1551 1804 1614 1852 est
1637 1807 1764 1853 Pacis
1800 1807 1848 1853 δε
1874 1806 2188 1860 Innocentiae3
2225 1807 2375 1865 Status
2399 1807 2530 1854 Pacis

538 1875 585 1921 in
623 1873 752 1921 coelis
783 1873 822 1920 se
853 1874 981 1921 habet
1019 1873 1132 1920 ficut
1165 1872 1300 1920 status
1331 1888 1503 1920 aurorae
1540 1874 1587 1923 in
1621 1874 1781 1928 terris·,
1818 1873 1864 1919 in
1889 1870 2001 1920 statu
2027 1873 2154 1920 Pacis
2190 1873 2238 1919 in
2278 1873 2407 1920 coelis
2435 1874 2532 1920 exi·

539 1940 660 1988 stunt
699 1940 853 1987 omnia
890 1939 1088 1987 coelestia
1128 1941 1177 1989 δε
1217 1939 1472 2003 spiritualia,
1510 1940 1559 1987 ὅτ
1598 1940 1703 1987 inde
1743 1939 1925 1987 trahunt
1963 1955 2100 1986 omne
2139 1938 2271 1986 suum
2311 1937 2529 1997 faustum,

538 2007 738 2063 beatum,
773 2007 823 2054 &
849 2005 973 2063 felix,
1011 2006 1122 2054 ficut
1146 2009 1191 2054 in
1215 2005 1329 2053 statu
1353 2021 1526 2054 aurorae
1553 2007 1599 2052 in
1623 2007 1750 2054 terris
1773 2005 1969 2054 existunt
1992 2006 2144 2054 omnia
2168 2011 2321 2054 coram
2347 2005 2533 2054 homine

538 2086 591 2121 ut
620 2071 825 2137 jucunda
862 2074 911 2120 ὅτ
935 2073 1068 2128 laeta3
1105 2072 1344 2137 singularia
1379 2075 1501 2120 enim
1542 2072 1603 2118 ab
1636 2073 1869 2120 affectione
1909 2074 2148 2120 communi
2186 2072 2369 2120 trahunt
2404 2073 2534 2136 quod

539 2139 764 2196 talia'fint,
800 2139 1006 2186 videatur
1040 2155 1096 2188 n:
1125 2157 1234 2205 920.
1262 2143 1420 2202 2384:
1458 2139 1659 2186 similiter
1695 2138 1735 2186 se
1774 2139 1906 2186 habet
1943 2155 2050 2185 curn
2093 2138 2207 2186 sta'tu
2248 2140 2532 2195 innocentiae,

540 2205 615 2253 hic
637 2205 785 2253 existit
806 2206 851 2252 in
874 2205 988 2253 statu
1011 2206 1156 2262 Pacis,
1191 2206 1240 2253 δε
1264 2205 1327 2253 est
1350 2221 1597 2252 commune
1634 2206 1830 2252 afficiens
1862 2205 2016 2253 omnia
2039 2221 2144 2268 quae
2169 2203 2271 2252 sunt
2294 2208 2461 2253 amoris
2484 2207 2535 2252 ὅτ

543 2272 667 2328 fidei,
704 2272 801 2319 haec
842 2272 922 2319 nifi
962 2274 1007 2318 in
1048 2271 1089 2319 se
1128 2271 1319 2319 habeant
1358 2272 1679 2328 innocentiam,
1715 2284 1864 2320 carent
1898 2271 1980 2318 >suo
2020 2271 2259 2327 effentiali3
2310 2272 2415 2318 inde
2453 2271 2533 2328 est,

543 2339 671 2402 quod
710 2354 845 2386 nemo
885 2341 1018 2402 poffit
1054 2343 1100 2388 in
1141 2338 1315 2386 coelum
1354 2340 1525 2395 venire,
1562 2339 1642 2385 nis1
1666 2339 1834 2402 aliquid
1866 2340 2134 2403 innocentiae
2157 2339 2333 2394 habeat,
2369 2338 2536 2398 Marc:

545 2421 608 2452 x:
641 2421 725 2466 15:
764 2404 869 2451 inde
894 2417 1030 2467 patet,
1067 2405 1178 2467 quid
1218 2421 1346 2451 mane
1377 2405 1599 2466 fignificat
1633 2404 1679 2451 in
1717 2403 1837 2451 sensu
1863 2403 2054 2460 interno,
2092 2405 2141 2451 &
2168 2404 2312 2467 magis
2335 2420 2443 2451 cum
2467 2404 2536 2450 di-

546 2471 663 2518 citur
688 2487 816 2518 mane
840 2469 1094 2534 surrexitsin
1123 2471 1379 2526 matutino;
1417 2472 1466 2517 &
1505 2472 1611 2532 quia
1653 2473 1697 2517 in
1738 2470 1949 2534 supremo
1987 2469 2108 2515 sensu
2146 2470 2289 2515 Mane
2334 2469 2396 2515 est
2437 2471 2538 2516 Do·

547 2538 715 2592 minUS,
752 2537 800 2583 &
826 2553 882 2583 ex
906 2536 1007 2600 Ipso
1031 2537 1168 2583 status
1191 2537 1383 2583 efficiens
1416 2537 1465 2583 ὅτ
1503 2537 1697 2582 afficiens
1717 2536 1807 2591 illa,
1842 2551 1948 2598 quae
1980 2536 2024 2580 in
2050 2536 2216 2597 Regno
2241 2534 2380 2598 lpfius
2420 2533 2538 2593 sunt,

548 2603 683 2649 etiam
710 2618 839 2647 mane
862 2602 911 2648 &
935 2618 1065 2648 mane
1089 2601 1266 2664 surgere
1301 2601 1522 2663 fignificat
1544 2601 1673 2663 plura
1696 2617 1800 2664 quae
1825 2603 1869 2647 in
1890 2601 2004 2648 statu
2029 2600 2107 2648 illo
2130 2599 2342 2658 existunt,
2380 2602 2427 2649 &
2454 2602 2542 2650 hoc

550 2667 792 2731 praedicate
814 2668 870 2714 ad
894 2683 960 2723 ea,
995 2683 1100 2730 quae
1124 2669 1170 2713 in
1192 2667 1314 2714 sensu
1338 2668 1513 2714 interno
1536 2666 1884 2731 consequuntur.

623 2738 763 2798 2781.
800 2734 864 2780 Et
888 2732 1089 2780 instravit
1119 2734 1310 2790 asinum,
1346 2734 1471 2797 quod
1493 2734 1713 2796 significet
1736 2734 1980 2781 naturalem
2007 2734 2238 2782 hominem
2264 2751 2402 2798 quem
2426 2751 2543 2799 prae-

554 2802 743 2862 paravit,
780 2799 949 2847 constat
984 2816 1040 2846 ex
1076 2800 1403 2863 significatione
1440 2800 1587 2856 Asini,
1624 2801 1680 2847 de
1711 2817 1800 2864 qua
1838 2800 2061 2864 sequitur:
2099 2801 2198 2848 sunt
2235 2802 2356 2865 apud
2397 2802 2545 2849 homi-

556 2883 662 2913 nem
687 2867 954 2922 voluntaria,
989 2868 1038 2913 δε
1064 2865 1164 2913 sunt
1187 2866 1514 2923 intellectualia,
1551 2867 1607 2913 ad
1631 2868 1883 2914 voluntaria
1922 2870 2145 2931 pertinent
2183 2868 2255 2914 illa
2295 2884 2399 2930 quae
2437 2868 2568 2914 boni·

558 2931 675 2988 sunt,
711 2933 767 2979 ad
807 2933 1117 2979 intellectualia
1153 2934 1228 2980 illa
1265 2949 1370 2996 quoe
1394 2934 1522 2989 veri,
1560 2933 1660 2981 sunt
1685 2935 1794 2980 varii
1827 2936 2001 2997 generis
2027 2934 2195 2990 bestize,
2231 2949 2310 2996 per
2333 2950 2440 2995 quas
2462 2950 2545 2979 vo-

558 2998 763 3054 luntaria,
800 3015 906 3061 quae
947 2998 1072 3055 boni,
1109 2999 1432 3062 significantur,
1469 3012 1522 3046 ut
1546 2999 1646 3046 sunt
1671 3002 1818 3064 Agni,
1855 3002 1998 3055 Oves,
2036 3000 2207 3055 Hoedi,
2244 3000 2424 3067 Caprae,
2458 2999 2549 3060 ju·

561 3066 713 3120 venci,
748 3066 914 3121 Boves,
957 3065 1163 3111 videatur
1187 3082 1242 3112 n:
1275 3070 1410 3128 1823.
1438 3081 1579 3130 2179.
1610 3071 1769 3122 2180;
1821 3068 1869 3114 &
1905 3065 2005 3112 sunt
2044 3081 2228 3128 quoque
2267 3064 2433 3122 bestiae,
2470 3082 2549 3128 per

555 3145 667 3191 quas
705 3130 1012 3193 significantur
1049 3131 1374 3187 intellectualia,
1411 3146 1516 3194 quae
1540 3133 1652 3188 veri,
1689 3148 1853 3195 nempe
1876 3133 2016 3194 Equi,
2054 3131 2195 3190 Muli,
2233 3133 2425 3200 Onagri,
2462 3134 2548 3179 Ca-

557 3195 681 3254 meli,
718 3196 864 3253 Asmi,
900 3209 1067 3260 praeter
1098 3213 1280 3260 quoque
1307 3199 1470 3253 Aves;
1506 3198 1632 3261 quod
1674 3214 1754 3261 per
1790 3199 1982 3261 Equum
2029 3198 2308 3262 significetur
2353 3198 2549 3245 intellec·
2584 3206 2587 3209 ’

2416 3264 2550 3321 tuale,
