2904 3750
0 3636 11 3690 ..n-n
0 3534 10 3630 ww
4 3514 6 3519 -
0 3472 6 3494 υ·

678 214 1634 314 CAPUTVIGESIMUM
1678 214 2209 303 SEPTJMUM.
2309 223 2445 309 369

428 361 587 422 domi,
630 363 762 427 quod
799 362 888 411 fint
921 375 1028 410 vera
1060 359 1173 418 boni
1213 359 1471 417 domestici,
1517 359 1574 407 de
1603 375 1701 423 qua
1734 373 1796 406 n:
1822 361 1963 421 3518.
1994 375 2017 421 3
2027 377 2154 422 5193
2206 360 2268 407 ibi
2306 361 2441 407 etiam

439 443 582 494 patet,
616 430 732 495 quid
770 429 957 489 bonum,
982 425 1306 485 domesticum,
1341 428 1391 472 &
1424 426 1539 488 quid
1564 442 1669 472 vera
1701 423 1806 473 inde
1825 431 1858 478 ·‚'
1889 426 2232 487 unumquodvis
2266 426 2442 473 bonum
2476 480 2478 482 ¹

440 497 518 545 sua
540 513 645 544 vera
666 496 814 553 habet,
849 495 900 542 ὅτ,
923 494 1191 556 unaquaevis
1224 507 1331 539 vera
1361 491 1494 539 flium
1531 489 1724 549 bonum,
1759 506 1867 553 quae
1902 490 1983 538 fibi
2024 489 2262 557 conjuncta
2293 505 2447 550 erunt,
2474 546 2481 551 f

439 575 495 610 ut
516 562 606 622 fint
636 561 820 625 aliquid.
847 592 850 594 -
891 558 1038 622 Quod
1062 557 1209 606 Pelles
1244 557 1721 622 significent-externa,
1759 556 1823 604 est
1846 556 1953 621 quia
1977 557 2119 620 pelles
2152 561 2321 605 extima
2346 559 2446 606 sunt

437 629 663 688 animalis,
698 628 746 674 in
769 641 894 690 quas*
915 625 1126 673 interiora
1162 622 1260 690 ejus
1293 627 1612 682 terminantur,
1647 624 1850 672 {imiliter
1881 639 1934 671 ac
1970 625 2088 671 cutis
2126 622 2198 671 seu
2232 626 2443 673 cuticulae

428 694 562 760 ,apud
596 693 865 749 hominem3
899 691 1000 739 ⁴hoc
1034 691 1163 740 ducit
1200 691 1332 746 suum
1372 691 1726 756 significativum
1764 707 1790 738 a
1822 689 2187 754 repraesentativo
2228 692 2274 738 in
2314 692 2446 740 altera

431 763 534 808 vita
553 783 567 816 ;
603 759 706 808 sunt
729 759 790 808 ibi
813 760 896 824 qui
915 759 975 806 ad
992 759 1282 822 ¹provinciam
1306 760 1424 806 cutis
1449 757 1782 807 referuntur-de
1805 757 1990 821 quibus,
2026 756 2134 804 cum
2157 756 2214 804 de
2232 758 2445 806 Maximo

434 826 667 884 Homine,
702 843 760 875 ex
782 827 956 876 Divina
978 826 1176 874 Domini
1199 823 1531 882 Misericordia,
1566 825 1624 873 ad
1648 825 1789 874 finem
1812 826 2032 888 Capitum
2059 823 2361 887 sequentium,
2392 826 2445 872 A&

435 891 542 942 sunt
566 893 648 950 illi,
682 894 764 958 qui
788 893 934 941 solum
970 894 1017 940 in
1040 891 1403 955 externolbonm
1437 889 1491 939 &
1512 889 1609 956 ejus
1631 892 1749 940 veris
1774 890 1909 946 sunt3
1951 890 2057 941 inde
2092 891 2210 938 cutis
2245 892 2294 938 δε
2330 907 2444 956 quo-

389 959 391 962 ”
433 976 530 1024 que
569 959 698 1024 pellis
737 959 961 1024 fignificat
998 972 1214 1015 externa3
1264 959 1392 1023 quod
1431 959 1568 1007 etiam
1603 971 1726 1024 patet
1758 975 1784 1006 a
1806 957 1977 1015 Verbo,
2009 969 2066 1006 ,ut
2107 957 2225 1021 apud
2252 957 2446 1012 Esaiam,

441 1032 478 1087 4‘
512 1028 708 1092 Propter
743 1025 1088 1075 multitudinem
1125 1027 1375 1090 iniquitatis
1410 1038 1504 1074 tuae
1543 1027 1753 1076 revelatae
1785 1023 1889 1072 sunt
1922 1024 2119 1072 fimbriae
2145 1021 2257 1080 ἴυζε,
2292 1025 2447 1072 violati

438 1094 543 1141 sunt
582 1094 778 1142 calcanei
817 1093 902 1150 tui,
938 1109 1051 1141 num
1090 1092 1331 1154 convertet,
1348 1092 1567 1155 AEthiops
1596 1093 1753 1141 Pellem
1776 1092 1923 1155 suam,
1957 1092 2008 1139 &
2043 1090 2210 1154 pardus
2247 1091 2448 1140 maculas

439 1151 540 1212 suas
559 1182 575 1215 ;
620 1162 761 1222 etiam
782 1175 868 1207 vos
890 1159 1074 1223 potestis
1104 1159 1279 1210 bonum
1306 1157 1465 1215 facere,
1501 1159 1625 1206 doeti
1662 1158 1836 1207 malum
1860 1156 2054 1215 facere,”
2088 1173 2187 1204 xm
2209 1176 2220 1206 ε
2243 1175 2319 1207 2-2.
2349 1175 2407 1222 23
2431 1181 2447 1214 3

439 1225 507 1274 ibi
529 1225 728 1280 fimbriae
750 1225 854 1274 sunt
874 1236 1056 1273 externa
1070 1241 1193 1284 vera,
1218 1226 1411 1274 calcanei
1434 1225 1605 1273 extima
1627 1223 1773 1280 bona3
1808 1225 1935 1289 quod
1961 1223 2220 1274 calcaneum
2243 1226 2293 1272 &
2315 1225 2448 1272 calcei

441 1292 532 1340 sint
566 1292 724 1340 infima
755 1288 987 1354 naturalia,
1022 1288 1231 1340 videatur
1264 1309 1460 1358 11:259.
1498 1308 1659 1357 1749·,
1703 1292 1754 1340 δε
1774 1293 1893 1356 quia
1915 1307 2022 1339 vera
2050 1291 2101 1341 ὅτ
2134 1290 2252 1339 bona
2284 1291 2360 1339 illa
2392 1291 2450 1339 ex

441 1358 568 1407 malo
606 1359 723 1416 sunt,
768 1371 822 1407 ut
859 1359 1045 1417 dIcitur,
1079 1371 1405 1424 comparantur
1425 1358 1638 1423 AEthiopi
1670 1358 1744 1406 seu
1783 1359 1917 1422 nigro
1943 1358 2014 1406 .-&·
2038 1355 2135 1421 ejus
2156 1357 2305 1422 pellis,
2345 1371 2448 1406 tum

441 1426 591 1490 pardo
614 1427 663 1475 &
687 1423 783 1491 ejus
806 1425 1033 1475 maculis.»
1082 1425 1231 1490 Apud
1252 1425 1437 1483 Mosen,
1474 1429 1509 1453 “
1533 1426 1582 1473 Si
1605 1426 1950 1491 oppignerando
1979 1424 2346 1490 oppigneraveris
2370 1441 2448 1473 ve-

439 1491 556 1540 stem
581 1491 688 1540 socii
711 1493 796 1550 tui,
830 1505 1075 1556 antequam
1098 1492 1274 1548 occidit
1292 1491 1356 1540 sol
1389 1489 1588 1542 restitues
1606 1493 1734 1541 >illam
1765 1494 1823 1549 ei,
1859 1493 1966 1556 quia
1988 1491 2087 1539 haec
2111 1479 2447 1556 operimentiim

436 1557 540 1621 ejus
562 1557 668 1616 sola,
702 1558 803 1606 haec
824 1558 950 1617 vestis
971 1559 1061 1620 ejus
1074 1559 1290 1620 propelle
1311 1561 1463 1623 inqua
1484 1559 1708 1616 cubabit,”
1744 1559 1883 1606 Exod
1904 1577 1914 1606 ε
1936 1573 2046 1606 xxxx
2067 1577 2079 1606 ε
2101 1575 2127 1608 2
2135 1575 2179 1622 5.
2206 1559 2300 1614 263
2336 1558 2449 1606 ficut
2507 1611 2509 1615 Α

424 1636 605 1673 ‘omnes
640 1624 812 1688 Leges,
860 1624 1002 1671 etiam
1037 1624 1195 1672 civiles
1233 1625 1304 1673 ὅτ·
1320 1623 1532 1683 forenses,
1583 1640 1691 1689 quae
1725 1625 1773 1671 in
1795 1621 1968 1682 Verbo,
2010 1623 2451 1689 correspondentiam

439 1690 611 1739 habent
633 1706 743 1738 cum
764 1689 973 1754 Legibus
996 1689 1104 1738 boni
1139 1691 1189 1738 &
1211 1690 1335 1751 veri,
1359 1706 1468 1756 quae
1500 1692 1549 1738 in
1573 1691 1715 1749 coelo,
1751 1690 1801 1738 ὅτ
1835 1691 1942 1738 inde
1964 1691 2070 1738 latae
2092 1690 2210 1748 sunt,
2247 1693 2310 1739 ita
2332 1707 2450 1755 quo-

442 1773 535 1822 que
559 1757 686 1815 haec,
719 1773 826 1806 nam
851 1757 1052 1821 alioquin
1074 1756 1254 1823 prorsus
1287 1757 1460 1817 lateret,
1495 1773 1577 1806 cur
1607 1758 1968 1824 oppigneratam·
1985 1756 2174 1815 vestem,
2209 1770 2452 1822 antequam
2518 1775 2522 1779 ·

441 1823 509 1873 sol
548 1825 736 1882 occidit,
772 1823 1069 1882 restituerent,
1103 1825 1154 1874 &
1192 1841 1276 1874 cur
1314 1825 1499 1882 dicitur,
1535 1826 1665 1890 quod
1703 1824 1837 1873 vestis
1875 1822 1971 1888 ejus
2003 1840 2090 1889 pro
2128 1823 2245 1890 pelle
2283 1826 2328 1872 in
2363 1842 2454 1890 qua

445 1889 661 1946 cubabit3
697 1890 1090 1954 cot-respondentia
1122 1903 1251 1956 patet
1281 1908 1309 1939 a
1345 1892 1470 1940 sensu
1510 1893 1706 1951 intern0,
1739 1908 1847 1958 quae
1869 1891 1950 1948 est,
1985 1891 2111 1956 quod
2147 1908 2239 1940 non
2274 1891 2452 1940 defrau-

445 1956 588 2004 dandi
607 1955 693 2005 smt
717 1955 823 2004 socii
847 1957 962 2004 veris
985 1959 1196 2015 externis,
1231 1974 1339 2023 quae
1367 1958 1758 2008 suntd06trinalia
1781 1958 2030 2008 secundum
2053 1975 2161 2023 quae
2185 1960 2365 2016 vivunt,
2403 1961 2455 2008 &

447 2022 640 2080 ritualia,
662 2023 803 2087 quod
826 2021 976 2070 Vestis
998 2023 1102 2070 talia
1122 2040 1230 2072 vera
1250 2025 1353 2082 sint,
1388 2026 1599 2077 videatur
1619 2043 1649 2074 n
1669 2045 1681 2074 :
1700 2043 1811 2092 ²97·
1843 2042 1981 2091 1073.
2010 2026 2139 2089 2576
2159 2048 2174 2082 3
2209 2025 2275 2073 sol
2299 2041 2452 2074 autem
2487 2035 2493 2039 “

446 2090 514 2138 est
547 2089 724 2137 bonurn
758 2090 924 2137 amoris
957 2088 1032 2136 seu
1055 2090 1170 2138 vitae
1191 2090 1320 2154 quod
1344 2091 1467 2148 inde,
1503 2107 1565 2139 n:
1590 2109 1731 2156 1529.
1760 2110 1900 2158 1530.
1926 2108 2241 2158 24414'2495,
2279 2110 2334 2140 ne
2366 2093 2454 2141 hoc

444 2168 615 2222 pereat,
651 2155 928 2220 significatur
966 2172 1050 2220 per
1086 2157 1215 2221 quod
1246 2169 1487 2221 antequam
1527 2155 1593 2206 sol
1631 2158 1803 2206 occidit
1836 2158 2119 2222 restitueret3
2164 2161 2218 2208 δι’
2237 2162 2344 2224 quia
2371 2160 2454 2207 illa

445 2223 555 2271 sunt.
587 2235 770 2272 externa
803 2224 1105 2280 interiorunk-
1126 2223 1200 2271 seu
1239 2225 1576 2273 terminationes
1610 2222 1795 2281 horum,
1829 2223 2014 2282 dicitur,
2049 2225 2178 2289 quod
2202 2226 2335 2273 vestis
2365 2242 2455 2290 pro

446 2290 567 2354 pelle
588 2291 635 2336 in
657 2306 756 2353 qua.
770 2289 966 2338 cubabit.
1035 2291 1164 2356 Quia
1183 2289 1324 2355 pelles
1345 2290 1656 2354 significabant
1687 2302 1883 2348 externa,
1919 2291 2184 2339 mandatum
2209 2291 2289 2349 est,
2325 2293 2455 2356 quod

445 2367 772 2419 tegumentum
795 2357 1006 2404 Tentorii
1027 2357 1164 2405 eflent
1185 2357 1321 2405 Pelles
1353 2356 1785 2421 arietumssruforum,
1822 2358 1872 2405 &
1896 2356 2095 2421 superius
2111 2357 2453 2417 P.elles⁴melium⁹

449 2421 591 2471 Exod
611 2441 622 2470 :
641 2437 765 2471 xxvx
787 2441 798 2471 :
826 2441 884 2483 14
905 2445 920 2479 3
962 2424 1241 2471 Tentoriurn
1270 2425 1395 2472 enim
1419 2425 1539 2479 erat'
1556 2423 1971 2488 repraesentativurn
1993 2424 2162 2472 Trium
2187 2425 2451 2483 Coelorum,

342 2509 356 2518 ·
449 2489 512 2536 ita
536 2489 808 2536 Coelestium
832 2489 883 2538 δε
907 2489 1221 2554 Spiritualium
1244 2505 1351 2554 quae
1374 2490 1478 2539 sunt
1498 2491 1654 2555 Regni
1673 2490 1868 2540 Domini
1883 2512 1903 2547 ‚3
1938 2491 2106 2539 'Aulaea
2126 2507 2233 2555 quae
2247 2493 2452 2549 circum,

450 2554 827 2618 repraesentabant
850 2555 1090 2614 naturalia,
1123 2572 1232 2621 quae
1264 2555 1367 2605 sunt
1398 2569 1598 2614 externa,
1633 2573 1696 2606 n:
1721 2561 1869 2621 3478,
1904 2573 2011 2621 quae
2036 2557 2139 2605 sunt
2161 2557 2306 2621 pelles
2342 2560 2453 2606 arie-

442 2632 557 2669 tum
581 2622 631 2670 δι
653 2621 792 2686 pelles
815 2623 1007 2671 melium
1026 2645 1042 2679 ς
1078 2624 1130 2671 ὅτ
1151 2624 1260 2686 quia
1279 2635 1463 2672 externa
1482 2622 1585 2672 sunt
1618 2639 1728 2688 quae
1759 2626 1972 2687 integunt
1994 2624 2188 2681 interna,
2224 2623 2296 2671 seu
2323 2637 2453 2673 natu-

450 2688 558 2737 ralia
579 2703 686 2752 quae
711 2688 952 2753 spiritualia
978 2691 1030 2738 δε
1060 2689 1272 2748 caelestia,
1306 2689 1421 2738 ficut
1442 2706 1609 2754 corpus
1639 2689 1767 2739 suam
1799 2693 2016 2749 animam,
2052 2692 2161 2739 'ideo
2184 2691 2453 2740 mandatum

451 2767 546 2802 erat
585 2755 732 2812 illud;
773 2758 954 2820 pariter,
991 2756 1120 2820 quod
1144 2755 1335 2805 Aharon
1372 2758 1423 2806 δε
1460 2756 1544 2805 filii
1575 2755 1688 2823 ejus,
1727 2773 1837 2806 cum
1875 2757 2260 2824 proficiscerentur
2298 2758 2453 2816 castra,

451 2821 559 2869 velo
582 2823 838 2885 tegumenti
854 2823 1126 2887 obtegerent
1148 2825 1321 2872 Arcam
1346 2822 1608 2882 testimonii,
1644 2826 1694 2872 &
1719 2825 1877 2873 darent
1898 2825 2027 2889 super
2051 2824 2171 2872 illud
2196 2827 2453 2890 operimen-

454 2898 560 2936 tum
583 2887 995 2947 Pellem,melis;.&
1018 2889 1149 2954 super
1169 2890 1371 2940 mensam
1405 2891 1455 2939 ὅτ
1477 2906 1584 2955 quae
1619 2890 1752 2956 super
1786 2891 1879 2950 illa,
1912 2892 2219 2956 expanderent
2252 2907 2456 2956 pannum

455 2955 656 3002 coccinei
685 2956 890 3021 dibaphi,
933 2959 983 3004 δε
1016 2958 1224 3021 operient·
1254 2957 1370 3006 illud
1410 2961 1715 3022 operimento,
1750 2958 1868 3008 Pelle
1906 2959 2053 3015 melis3
2098 2961 2266 3022 pariter
2302 2959 2457 3005 darent

456 3019 776 3075 candelabrum
799 3025 846 3070 &
873 3025 1029 3071 omnia
1051 3022 1153 3072 vasa
1183 3022 1279 3088 ejus
1316 3023 1399 3072 sub
1430 3026 1716 3088 operimento
1748 3041 1806 3075 ex
1828 3025 1945 3074 Pelle
1975 3026 2124 3081 meli53
2166 3038 2267 3072 turn
2303 3025 2457 3071 omnia

456 3083 560 3131 vasa
583 3087 814 3136 ministerii
837 3089 992 3139 darent
1024 3089 1105 3138 sub
1127 3107 1331 3156 pannum
1364 3091 1662 3154 hyacinthini,
1699 3094 1747 3141 δε
1776 3094 2007 3157 operire-nt
2043 3091 2116 3138 illa
2154 3092 2455 3155 operimento,

459 3149 580 3199 Pelle
615 3152 779 3210 melis-,²³
823 3155 990 3204 Num:
1011 3173 1066 3204 ιν
1086 3176 1098 3206 :
1119 3175 1164 3220 5.
1191 3160 1237 3206 6.
1267 3162 1309 3207 8.
1343 3175 1416 3207 ιο.
1447 3175 1521 3208 11.
1551 3177 1608 3208 12
1631 3181 1647 3214 ·,
1701 3159 1892 3223 quisque
1928 3159 2010 3221 qui
2046 3157 2188 3204 fauete
2220 3157 2276 3202 de
2300 3155 2458 3202 Verbo

452 3216 651 3282 ίρἓῐῑὸῑ,
684 3217 794 3268 scite
809 3219 978 3285 potest,
1013 3223 1140 3287 quod
1163 3224 1337 3291 Diyina
1369 3240 1457 3290 per
1479 3226 1636 3273 omnia
1666 3225 1741 3274 illa
1772 3223 2086 3291 repraesentata
2119 3223 2222 3281 fint,
2261 3222 2311 3270 &
2345 3220 2459 3268 ficut

502 3298 505 3303 ’
1495 3292 1543 3340 A
1561 3306 1585 3338 a
1601 3307 1627 3339 a
2383 3302 2462 3352 per
