2904 3750
519 274 658 334 422
770 234 774 240 ,
941 234 1100 316 «Ὀ
1193 250 1257 317 Ε
1347 248 1579 316 NE
1672 244 1724 315 S
1814 248 1860 316 Ι
1948 222 2010 316 S

516 382 572 430 ij
595 380 722 446 quod
760 379 820 429 ita
842 378 1069 429 distineri
1060 398 1106 429 in
1129 392 1300 446 genteS,
1336 378 1539 438 familiari,
1576 380 1626 428 δε
1653 379 1837 437 domos,
1872 379 2064 428 habitare
2070 389 2135 436 nt,
2173 396 2233 428 n:
2258 394 2371 440 470
2400 395 2516 445 471

523 452 637 513 483
670 443 991 514 1159.1246·,
1029 449 1133 496 inde
1154 463 1337 525 quoque
1360 459 1470 504 erat.
1504 447 1633 511 quod
1658 448 1940 503 mandatum,
1978 458 2029 494 ut
2053 448 2065 492 i
2071 447 2117 492 lli
2141 449 2221 510 qui
2246 447 2301 494 ab
2325 447 2523 495 Ecclesia

524 515 881 578 repraesentativa
903 527 1041 571 erant,
1077 516 1289 578 conjugia
1317 513 1628 588 contraherent
1650 515 1765 560 intra
1788 513 1878 562 suae
1903 514 2049 578 gentis
2073 511 2280 569 familias,
2318 515 2377 560 ita
2400 516 2524 562 enim

526 581 829 646 raepresentari
863 583 1014 646 potuit
1038 597 1117 646 per
1136 582 1240 628 illos
1262 581 1455 642 coelum,
1486 581 1540 628 &
1565 578 1659 645 ejus
1691 579 1948 628 societatem
1982 578 2243 634 ςοηῐυηὲὶίο
2267 580 2418 643 quoad
2445 580 2526 627 bo-

525 663 642 695 num
676 649 724 696 ὅτ
747 648 1104 718 ver-um3s1cut
1120 648 1192 695 hic
1214 664 1334 695 nunc
1370 663 1451 711 per
1474 648 1717 709 Jacobum,
1749 648 1881 711 quod
1915 649 1998 694 iret
2030 648 2085 693 ad
2111 647 2306 694 domum
2332 647 2527 694 Bethue·

530 714 583 762 lis
618 716 755 778 patris
790 716 946 762 matris
979 713 1089 770 suae,
1098 701 1175 761 &
1212 715 1433 777 acciperet
1471 714 1552 760 fibi
1586 714 1753 762 exinde
1784 714 2022 760 mulierem
2063 730 2087 759 a
2127 714 2305 760 filiabus
2331 713 2530 762 Labanis

529 778 675 828 fratirs
700 783 853 828 matris
878 781 982 827 suae.
1054 779 1198 836 Quod
1233 782 1388 827 attinet
1418 779 1530 843 ipsas
1566 781 1847 843 cognitiones
1870 782 1966 827 veri
1999 782 2171 827 externi
2207 779 2279 826 seu
2304 783 2526 843 corporei,

531 862 639 909 quae
661 864 718 894 ex
741 848 861 895 bono
875 846 1121 894 collaterali
1156 845 1272 902 sunt,
1309 846 1375 901 &,
1413 857 1465 892 ut
1488 846 1683 903 dictum,
1719 847 1837 894 intus
1872 849 1918 893 in
1943 845 1982 893 se
2007 846 2169 893 habent
2192 848 2439 903 Divinum,
2477 849 2527 894 δε

531 913 591 960 fic
630 914 866 960 admittere
904 914 1087 976 -poffunt
1113 915 1312 976 genuina
1352 912 1483 969 bona,
1525 913 1677 975 quales
1715 912 1818 960 sunt
1857 914 1979 975 apud
2021 911 2208 959 infantes
2247 928 2410 976 pueros
2448 915 2529 977 qui

532 979 637 1026 dein
672 992 1001 1042 regenerantur,
1036 978 1138 1025 sunt
1172 980 1217 1025 in
1254 994 1415 1042 genere
1451 978 1574 1035 taleS,
1616 979 1767 1042 quales
1801 979 1901 1028 sunt
1940 979 2252 1026 historicorum
2276 978 2435 1035 Verbi,
2480 992 2532 1026 ut

532 1061 638 1107 quae
664 1045 726 1092 ibi
750 1045 964 1092 dicuntur
985 1045 1041 1091 de
1068 1045 1290 1102 Paradiso,
1328 1045 1383 1091 de
1406 1046 1557 1108 primo
1581 1044 1766 1092 homine
1790 1046 1869 1102 ibi,
1906 1045 1963 1093 de
1995 1046 2150 1093 arbore
2172 1046 2282 1092 vitae
2306 1047 2351 1092 in
2378 1046 2531 1093 medio

531 1127 644 1175 eJuS‚
680 1113 730 1158 ὅτ
755 1112 812 1159 de
844 1110 999 1158 arbore
1032 1110 1243 1167 scientiae,
1278 1111 1357 1158 ubi
1376 1109 1568 1187 ‘serpens
1600 1112 1681 1174 qui
1711 1109 1922 1175 decepit;
1965 1105 2063 1159 haec
2096 1112 2197 1158 sunt
2230 1112 2531 1175 cognitiones,

533 1193 639 1239 quae
670 1180 716 1223 in
741 1178 783 1225 se
822 1177 985 1224 habent
1009 1178 1254 1233 Divinum,
1291 1177 1340 1224 &
1374 1177 1421 1223 in
1457 1175 1499 1222 se
1537 1176 1787 1224 admittunt
1826 1178 1944 1224 bona
1979 1178 2028 1224 δε
2060 1192 2166 1223 vera
2204 1175 2444 1252 spiritualia
2478 1180 2529 1225 δε

533 1243 747 1301 coelestia,
782 1244 888 1307 quia
921 1242 1237 1306 repraesentant
1272 1243 1323 1290 &
1358 1242 1612 1305 significant
1646 1243 1748 1291 illa:
1798 1243 1904 1290 tales
1939 1244 2224 1308 cognitiones
2257 1244 2394 1290 etiam
2430 1241 2533 1292 sunt

531 1309 701 1373 reliqua
734 1326 841 1374 quae
878 1311 924 1357 in
953 1309 1169 1356 historicis
1193 1309 1350 1365 Verbi,
1385 1309 1499 1356 ficut
1527 1325 1634 1372 quae
1675 1309 1737 1356 ibi
1773 1308 1830 1357 de
1863 1309 2180 1370 Tabernaculo
2220 1308 2335 1366 sunt,
2381 1309 2531 1373 deque

532 1375 752 1439 Templo,
786 1380 837 1426 δε
873 1392 1031 1424 eorum
1069 1374 1509 1431 construcf‘cionibus3
1556 1376 1719 1445 pariter
1757 1392 1863 1439 quae
1899 1376 1957 1423 de
1994 1375 2191 1424 vestibus
2217 1375 2442 1423 Aharonis
2476 1376 2528 1424 &

530 1441 734 1490 filiorum
768 1441 897 1506 ejus3
935 1455 1038 1489 tum
1062 1458 1247 1506 quoque
1272 1443 1329 1489 de
1361 1440 1480 1489 festis
1506 1438 1915 1500 tabernaculorum,
1951 1444 2255 1506 primitiarum
2299 1444 2445 1489 messis
2480 1443 2531 1490 ὅτ

530 1523 819 1570 azymorum,
856 1510 906 1556 δε
930 1509 987 1555 de
1010 1508 1229 1556 fimilibus
1263 1509 1391 1564 aliis·,
1429 1508 1528 1556 haec
1552 1511 1600 1556 δε
1624 1509 1742 1566 talia,
1779 1525 1887 1557 cum
1924 1509 1982 1557 ab
2015 1508 2183 1556 infante
2208 1523 2351 1573 puero
2385 1507 2531 1555 sciun-

530 1586 606 1621 tur
629 1576 677 1622 &
697 1577 975 1638 cogitantur,
1009 1587 1120 1622 tunc
1156 1575 1214 1622 ab
1236 1575 1404 1639 angelis
1428 1577 1507 1638 qui
1544 1576 1667 1639 apud
1698 1576 1846 1633 illum,
1888 1573 2114 1639 cogitatur
2138 1575 2194 1623 de
2219 1576 2399 1623 Divinis
2423 1590 2530 1639 quae

530 1640 844 1703 repraesentant
874 1642 927 1689 ὅτ
966 1640 1251 1713 fignificant3
1302 1644 1350 1688 ὅτ
1391 1642 1498 1704 quia
1528 1641 1700 1704 Angeli
1737 1642 1805 1688 his
1843 1642 2116 1697 afficiuntur,
2158 1641 2338 1688 affeftio
2368 1656 2530 1688 eorum

527 1708 909 1764 communicatur,
945 1708 996 1760 ὅτ
1017 1705 1124 1754 facit
1142 1705 1403 1769 jucundum
1426 1707 1475 1753 &
1499 1707 1685 1769 volupe,
1720 1708 1847 1770 quod
1871 1723 2014 1770 puero
2047 1724 2104 1755 ex
2129 1706 2232 1762 illis,
2268 1708 2318 1753 &
2348 1722 2525 1770 praepa-

529 1785 597 1820 rat
621 1773 738 1820 illius
772 1786 971 1820 mentem
1005 1772 1062 1819 ad
1086 1772 1397 1849 recipiendum
1430 1787 1534 1819 vera
1556 1772 1605 1819 &
1631 1772 1747 1819 bona
1781 1775 2006 1836 genuina:
2050 1772 2153 1820 talia
2173 1773 2225 1820 ὅτ
2249 1771 2527 1837 perplurima

528 1838 614 1886 alia
637 1839 738 1886 sunt
767 1839 1052 1903 cognitiones
1077 1840 1170 1887 veri
1193 1840 1362 1886 externi
1391 1839 1441 1886 &
1466 1839 1673 1902 corporei
1704 1854 1759 1885 ex
1784 1840 1905 1886 bono
1938 1839 2193 1886 collaterali

472 1908 473 1911 ’
598 1906 740 1970 3666.
778 1905 921 1953 Vers·
945 1924 987 1969 3.
1012 1923 1058 1965 4.
1086 1923 1129 1968 5.
1168 1907 1232 1954 Et
1255 1907 1374 1954 Deus
1402 1905 1612 1952 Schaddai
1646 1904 1851 1952 benedicet
1879 1905 1977 1959 tibi,
2012 1905 2068 1952 δέ
2096 1905 2238 1966 faciet
2258 1903 2527 1965 frubi'ificari

534 1981 577 2020 te
608 1971 664 2020 {9³
687 1973 964 2035 multiplicari
993 1982 1050 2028 te,
1087 1973 1143 2021 &
1166 1974 1248 2019 eris
1279 1975 1325 2019 in
1347 1981 1492 2019 coetum
1520 1971 1782 2033 populorum.
1853 1972 1917 2018 Et
1940 1970 2063 2018 dabit
2091 1970 2178 2016 ‘tibi
2209 1970 2525 2018 benedidionem

531 2038 790 2095 Abrahami,
826 2039 909 2086 tibi
942 2038 998 2087 ξεῖ
1019 2039 1172 2102 semini
1194 2048 1267 2085 tuo
1298 2054 1390 2085 cum
1423 2048 1479 2092 te,
1515 2038 1579 2084 ad
1604 2037 1938 2085 haereditandum
1961 2047 2002 2084 te
2034 2044 2194 2084 ter'ram
2220 2039 2529 2099 peregrinatio-

530 2120 629 2151 num
668 2114 856 2161 tuarum,
891 2121 1015 2169 quam
1049 2105 1164 2152 dedit
1185 2106 1302 2151 Deus
1325 2103 1587 2151 Abrahamo.
1659 2105 1724 2151 Et
1756 2103 1865 2164 misit
1898 2103 2080 2167 Jischak
2102 2104 2312 2167 Jacobum
2348 2103 2404 2152 δεῖ
2439 2105 2528 2151 ivit

492 2218 498 2223 ,
531 2170 776 2220 Paddanem
800 2173 954 2228 Aram,
991 2171 1050 2218 ad
1071 2171 1287 2218 Labanem
1304 2170 1448 2230 filium
1471 2170 1686 2218 Bethuelis
1709 2172 1916 2227 Aramaei,
1939 2170 2133 2231 fratrem
2154 2170 2350 2216 Rebeccae
2372 2172 2527 2216 matris

530 2238 686 2301 Jacobi
715 2242 768 2286 ὑπ’
793 2239 945 2300 Esavi.
1016 2238 1142 2284 Deus
1178 2236 1403 2283 Schaddai
1436 2236 1667 2284 benedicet
1701 2236 1801 2292 tibi,
1850 2236 2071 2298 fignificat
2105 2236 2369 2283 tentationes
2409 2235 2528 2283 illius

530 2304 624 2349 veri
659 2304 708 2349 δε
732 2303 856 2360 boni,
892 2319 972 2366 per
994 2319 1104 2367 quas
1128 2300 1419 2366 conjune'cioz
1462 2303 1512 2350 &
1537 2296 1670 2351 faciet
1697 2301 1956 2350 fruetificari
1989 2314 2036 2349 te
2069 2303 2118 2350 &
2141 2301 2432 2365 multiplicari
2461 2314 2525 2359 te,

529 2368 754 2431 fignificat
775 2370 880 2417 inde
904 2371 1021 2417 bona
1043 2371 1093 2417 &
1116 2385 1244 2417 vera.
1281 2369 1336 2422 ὅτ,
1354 2371 1441 2416 eris
1463 2369 1509 2416 in
1531 2381 1710 2417 coetum
1735 2369 2035 2443 populorum,
2069 2368 2288 2432 fignificat
2310 2369 2522 2432 copiam:

529 2435 580 2482 ὅτ
613 2435 738 2483 dabit
778 2436 860 2483 tibi
891 2436 1250 2483 benediffionem
1284 2418 1552 2493 Abrahami,
1598 2436 1818 2500 fignificat
1855 2433 2220 2500 conjunffionem
2262 2434 2404 2498 Ipfius
2439 2435 2526 2482 Di-

528 2501 624 2547 vini
660 2517 768 2549 cum
789 2502 912 2550 bono
945 2504 993 2550 &
1018 2519 1128 2550 vero
1159 2502 1397 2550 naturalis·
1439 2501 1523 2550 tibi
1556 2503 1606 2550 δε
1631 2503 1785 2550 semini
1817 2514 1898 2551 tuo
1929 2518 2039 2550 cum
2072 2513 2134 2557 te,
2172 2501 2392 2565 fignificat
2414 2515 2525 2548 cum

530 2566 654 2614 bono
687 2569 737 2614 &
761 2584 871 2616 vero
901 2569 1027 2632 quod
1046 2569 1194 2617 inde.
1244 2569 1301 2616 ad
1329 2569 1691 2616 haereditandum
1723 2581 1769 2617 te
1798 2582 1959 2617 terram
1983 2569 2395 2633 peregrinationum
2429 2579 2526 2613 tua·

528 2647 650 2690 rum,
685 2634 906 2696 fignificat
926 2636 1068 2682 vitam
1093 2634 1469 2682 instrufflonum:
1516 2651 1656 2698 quam
1688 2635 1816 2682 dedit
1838 2637 1965 2682 Deus
1987 2634 2269 2689 Abrahamo,
2303 2632 2532 2695 fignificat·

527 2714 635 2774 quae
667 2715 724 2745 ex
745 2701 948 2748 Divino.
1000 2701 1049 2747 ὅτ
1075 2700 1195 2747 mifit
1218 2699 1402 2761 Jischak
1425 2701 1669 2761 Jacobum,
1706 2701 1928 2763 fignificat
1950 2701 2131 2746 initium
2160 2698 2434 2760 existentiae:
2471 2698 2524 2750 ὅτ

530 2765 615 2811 ivit
654 2765 913 2813 Paddanem
953 2767 1117 2822 Aram,
1166 2766 1403 2829 fignificat,
1439 2766 1512 2813 hic
1552 2779 1603 2813 ut
1638 2767 1779 2830 prius,
1826 2766 2109 2829 cognitiones
2142 2764 2260 2811 illius
2295 2764 2420 2810 veri:
2467 2763 2525 2810 ad

527 2830 762 2878 Labanem
797 2832 943 2879 filium
968 2832 1193 2879 Bethuelis
1212 2833 1417 2879 Aramaei
1446 2832 1668 2894 fignificat
1690 2832 1864 2878 bonum
1898 2829 2178 2878 collaterale:
2227 2827 2409 2876 fratrem
2427 2830 2522 2876 Re·

528 2896 680 2945 beccae
712 2899 867 2945 matris
890 2897 1060 2959 jacobi
1081 2899 1130 2944 δι·
1154 2896 1307 2954 Esavi,
1343 2896 1564 2960 fignificat
1593 2899 1855 2945 affinitatem
1885 2912 1943 2944 ex
1974 2907 2116 2944 matre
2149 2911 2259 2943 cum
2281 2894 2403 2944 bono
2425 2895 2523 2943 veri

527 2963 653 3027 quod
676 2963 821 3024 Jacob
855 2979 964 3010 cum
989 2963 1097 3010 boni
1120 2979 1230 3010 vero
1262 2963 1390 3026 quod
1412 2962 1544 3010 Esau.

595 3030 736 3093 3667.
773 3031 899 3077 Deus
921 3029 1144 3087 Schaddai
1172 3029 1405 3076 benedicet
1428 3029 1527 3086 tibi,
1563 3028 1690 3093 quod
1722 3018 1941 3092 significet
1977 3029 2242 3076 tentationes
2280 3027 2397 3075 illius
2421 3028 2519 3076 veri

523 3096 573 3146 &
598 3095 707 3143 boni
729 3112 808 3160 per
832 3112 941 3160 quas
963 3083 1239 3158 εοῐῄιιηξὶίο,
1275 3095 1448 3143 constat
1469 3112 1525 3142 ex
1547 3095 1872 3159 significatione
1898 3096 1985 3142 Dei
2008 3094 2247 3152 Schaddai,
2283 3094 2410 3167 quod
2430 3094 2519 3142 fint

439 3162 441 3164 ’
522 3164 804 3223 tentationeS,
836 3163 893 3212 de
915 3179 1006 3230 qua
1027 3163 1258 3228 sequitur·,
1298 3166 1348 3216 ὅτ
1379 3178 1437 3213 ex
1462 3161 1783 3228 significatione
1816 3162 2037 3221 benedici,
2073 3162 2201 3227 quod
2224 3161 2277 3210 fit
2301 3176 2518 3236 conjunc-

2427 3228 2512 3286 tio,
