2904 3750
692 224 1028 313 CAPUT
1073 219 1642 284 VIGESIMUM
1689 219 2113 286 SEXTUM.
2268 238 2399 305 315

398 358 501 416 tale,
536 356 598 406 ita
629 357 826 408 dicendo
864 356 907 405 se
945 359 1040 404 nbn
1077 352 1232 401 videre
1270 353 1419 409 illud;
1455 369 1512 401 ex
1532 352 1858 417 significatione
1878 351 2127 415 pastorum,
2162 353 2289 418 quod
2312 350 2401 398 lint

394 426 627 483 docenteS,
661 427 719 474 de
740 441 833 489 qua
853 440 916 471 n:
942 437 1071 485 343³
1123 421 1171 466 &
1205 435 1262 466 ex
1295 419 1620 482 significatione
1654 419 1870 476 GerariS,·
1898 420 2024 482 quod
2065 420 2118 467 fit
2160 420 2288 476 fides,
2340 419 2398 464 de

393 509 482 556 qua
506 510 535 540 n
555 511 566 541 :
599 509 740 557 1209.
760 506 904 552 2504.
925 487 1067 552 3365.
1091 489 1221 549 3384
1242 508 1257 541 ·,
1294 487 1355 532 ita
1378 485 1572 549 pastores
1594 485 1722 532 vallis
1748 485 1948 542 Geraris,
1986 485 2087 532 sunt
2111 485 2173 532 illi
2199 488 2281 549 qui
2302 500 2398 531 non

393 560 474 607 nisi
503 574 644 623 quam
667 544 855 604 *sensum
892 553 1108 600 literalem
1136 551 1276 599 Verbi
1313 551 1590 615 agnoscunt:
1628 551 1753 600 causa
1791 551 1920 616 quod
1950 568 2043 599 non
2076 552 2259 598 videant
2293 548 2396 607 tale,

394 641 558 690 nempe
588 624 784 686 aliquem
825 614 999 668 sensum
1040 620 1317 676 interiorem,
1354 618 1418 666 est
1455 621 1563 683 quia
1598 632 1816 682 apparent
1854 619 2077 683 opposita,
2120 618 2286 666 scilicet
2320 618 2398 664 illa

393 708 499 757 quae
536 693 583 738 in
621 687 744 736 sensu
782 688 961 734 interno
998 686 1049 733 ὅτ
1089 702 1196 750 quae
1233 688 1280 733 in
1318 685 1441 733 sensu
1481 687 1675 741 literali3
1729 685 1805 733 sed
1841 687 1967 749 quod
2009 686 2217 749 opposita
2257 700 2394 747 appa-

392 770 532 814 reant,
566 755 670 803 ideo
705 771 798 802 non
831 753 1038 818 oppofita
1076 754 1194 810 sunt,
1229 769 1391 800 verum
1424 753 1609 817 *prorsus
1650 751 2029 816 correspondent3
2065 765 2110 799 at
2145 751 2272 815 quod
2310 767 2395 813 op-

390 824 534 887 pofita
568 833 824 885 appareant,
860 821 924 867 est
945 821 1052 884 quia
1075 820 1158 876 illi,
1193 822 1274 884 qui
1305 822 1366 867 ita
1387 820 1598 867 Verbum
1630 821 1805 876 vident,
1842 822 1886 866 in
1928 820 2139 884 opposito
2178 819 2306 865 sunt:
2352 817 2395 864 se

389 890 521 938 habet
555 888 643 936 hoc
682 888 797 935 ficut
835 887 995 944 homo,
1038 888 1120 950 qui
1159 891 1206 936 in
1248 885 1460 951 opposito
1494 886 1558 934 est
1595 887 1641 934 in
1679 885 1738 942 se,
1774 887 1862 934 hoc
1893 886 1974 944 est,
2009 885 2140 950 cujus
2163 887 2397 934 Externus

387 956 460 1005 seu
483 955 713 1004 Naturalis
744 955 887 1002 homo
919 953 1097 1019 prorsus
1119 953 1298 1000 diffidet
1320 952 1378 1001 ab
1399 951 1496 1017 ejus
1519 954 1703 1001 Interno
1726 951 1799 1000 seu
1822 953 2071 1017 Spirituali,
2106 954 2143 1000 is
2169 953 2295 1000 videt
2318 952 2395 999 illa

385 1039 492 1087 quae
515 1023 685 1071 Interni
718 1021 790 1070 seu
814 1021 1065 1086 Spiritualis
1097 1020 1297 1068 hominis
1329 1018 1431 1068 sunt
1453 1019 1533 1068 fibi
1556 1020 1680 1085 quafi
1702 1020 1924 1084 oppofita,
1961 1037 2068 1068 cum
2105 1032 2260 1068 tamen
2299 1018 2391 1083 ipse

384 1089 537 1155 quoad
560 1089 821 1147 Externum
846 1087 921 1136 seu
943 1087 1212 1136 Naturalem
1252 1087 1491 1135 hominem
1530 1089 1576 1134 in
1617 1087 1829 1152 opposito
1865 1087 1946 1144 est,
1982 1089 2031 1135 δι
2056 1086 2100 1134 ’ἦ
2138 1104 2231 1134 non
2271 1087 2307 1133 is
2342 1087 2391 1134 in

385 1157 597 1220 opposito
624 1156 746 1214 effet,
781 1155 855 1203 sed
879 1155 1109 1203 Externus
1142 1153 1217 1202 seu
1237 1153 1470 1202 Naturalis
1500 1151 1596 1218 ejus
1633 1154 1779 1202 homo
1808 1153 2021 1218 obsequia
2058 1154 2289 1217 praestaret
2312 1154 2389 1201 In·

386 1238 515 1272 terno
544 1223 616 1271 seu
642 1222 893 1286 Spirituali,
929 1220 1111 1286 prorsus
1143 1219 1580 1284 corresponderent3
1616 1233 1668 1268 ut
1687 1237 1774 1285 pro
1801 1221 2032 1286 exemplo,
2066 1222 2147 1285 qui
2170 1223 2218 1268 in
2240 1237 2389 1285 oppo-

386 1291 469 1339 fito
491 1289 571 1348 est,
607 1289 752 1338 credit
782 1289 913 1353 quod
943 1287 1208 1336 abdicandae
1231 1287 1317 1334 fint
1340 1287 1535 1345 divitiae,
1571 1303 1622 1335 ac
1646 1303 1807 1335 omnes
1829 1287 2086 1352 voluptates
2110 1290 2311 1352 corporis
2336 1290 2387 1335 &t

384 1357 566 1414 mundi,
617 1357 679 1404 ita
714 1353 925 1420 jucunda
958 1356 1086 1411 vitae,
1139 1366 1192 1401 ut
1228 1355 1372 1401 vitam
1412 1367 1631 1402 aeternam
1677 1356 1882 1418 accipiat,
1919 1355 1994 1403 illa
2023 1356 2148 1403 enim
2182 1355 2393 1419 opposita

386 1425 633 1472 creduntur
671 1424 782 1471 vitae
818 1421 1066 1487 spirituali,
1101 1434 1147 1470 at
1185 1422 1232 1468 in
1271 1419 1313 1468 se
1351 1437 1444 1469 non
1483 1421 1690 1486 oppofita
1724 1421 1843 1478 sunt,
1894 1420 1968 1469 sed
2006 1421 2355 1486 correspondent
2372 1444 2391 1478 ·,

384 1490 486 1538 sunt
520 1491 643 1538 enim
680 1489 830 1537 media
868 1489 988 1546 finis,
1036 1499 1088 1536 ut
1126 1503 1292 1552 nempe
1330 1488 1537 1536 Internus
1583 1487 1656 1535 seu
1692 1488 1944 1552 Spiritualis
1984 1489 2128 1536 homo
2172 1489 2259 1536 illis
2298 1488 2389 1536 frui

383 1571 518 1622 queat
534 1558 589 1604 ad
613 1557 730 1603 bona
746 1556 971 1603 charitatis
992 1553 1256 1610 exercenda,
1293 1555 1343 1602 &
1366 1567 1583 1618 praeterea
1605 1567 1657 1601 ut
1688 1566 1926 1602 contentus
1951 1557 1997 1602 in
2019 1555 2179 1603 salubri
2200 1572 2394 1620 corpore

383 1626 511 1670 vivat
529 1646 544 1678 3
581 1622 682 1670 sunt
704 1621 816 1668 fines
839 1621 920 1684 qui
943 1621 1075 1666 unice
1106 1617 1296 1676 faciunt,
1332 1621 1460 1682 quod
1484 1621 1691 1667 Internus
1716 1621 1860 1668 homo
1881 1622 1932 1668 &z
1956 1622 2185 1671 Externus
2208 1623 2281 1670 vel
2304 1639 2390 1686 op-

381 1689 513 1754 positi
555 1689 656 1745 fint,
693 1687 767 1734 vel
802 1684 1194 1750 correspondeant‚
1228 1686 1426 1750 oppositi
1463 1686 1565 1734 sunt
1603 1687 1790 1750 quando
1829 1686 2024 1744 divitiae,
2061 1688 2313 1752 voluptates
2337 1691 2389 1737 ὅτ

374 1755 594 1818 jucunda,
632 1754 688 1802 de
725 1753 893 1818 quibus
930 1752 1126 1810 dietum,
1170 1753 1289 1800 fiunt
1327 1753 1455 1811 fines,
1492 1766 1603 1801 tunc
1643 1755 1764 1801 enim
1805 1752 2047 1817 spiritualia
2083 1755 2134 1802 &
2176 1755 2392 1814 caelestia,

381 1838 486 1886 quae
511 1821 610 1868 sunt
634 1822 803 1869 Interni
823 1820 1042 1876 homini8‚
1078 1820 1333 1868 contemnit
1356 1821 1407 1868 &
1429 1819 1678 1879 subsannat,
1715 1822 1812 1868 imo
1846 1818 2021 1885 rejicit3
2058 1834 2103 1869 at
2126 1821 2390 1885 correspon—

381 1890 508 1944 dent,
544 1888 728 1951 quando
760 1886 835 1933 illa
869 1903 962 1933 non
1001 1885 1121 1933 fiunt
1159 1887 1271 1935 fines
1310 1886 1384 1935 sed
1420 1887 1571 1936 media
1608 1888 1663 1935 ad
1699 1888 1811 1935 fines
1843 1886 2104 1952 superiores,
2142 1905 2310 1954 nempe
2331 1889 2390 1938 ad

380 1956 455 2003 ina
478 1971 582 2018 quae
608 1953 710 2001 sunt
740 1954 852 2001 vitae
889 1951 991 2017 post
1030 1965 1246 2011 mortem,
1282 1955 1344 2003 ita
1366 1956 1521 2020 Regni
1543 1953 1756 2012 coelestis,
1789 1971 1840 2003 ac
1864 1955 2008 2019 Ipfius
2035 1956 2244 2013 Domini,
2278 1971 2390 2005 tunc

382 2038 595 2085 corporea
635 2022 684 2068 δι
726 2019 956 2067 mundana
990 2032 1206 2083 apparent
1244 2020 1309 2068 illi
1347 2023 1428 2069 vix
1466 2022 1639 2086 aliquid
1678 2022 1937 2087 respeftive,
1974 2023 2023 2071 &
2056 2038 2163 2070 cum
2204 2023 2262 2071 de
2302 2025 2394 2072 illis

381 2093 568 2152 cogitat,
607 2087 750 2135 modo
782 2099 835 2135 ut
873 2085 1025 2134 media
1063 2086 1117 2133 ad
1154 2086 1265 2133 fines
1303 2087 1531 2144 aestimat;
1568 2089 1673 2137 inde
1711 2102 1852 2154 patet,
1888 2091 2017 2154 quod
2054 2090 2128 2138 illa
2163 2106 2270 2154 quae
2308 2108 2388 2155 ap·

380 2168 536 2219 parent
568 2154 791 2219 opposita,
827 2169 920 2200 non
960 2155 1007 2200 in
1045 2151 1087 2200 se
1123 2153 1330 2218 oppofita
1361 2153 1481 2210 fint;
1518 2153 1589 2201 sed
1630 2156 1759 2217 quod
1797 2158 1860 2203 ita
1894 2170 2150 2220 appareant,
2187 2157 2241 2204 fit
2280 2162 2392 2222 quia

383 2222 447 2270 illi
487 2223 533 2269 in
574 2220 784 2285 opposito
819 2219 951 2268 sunt:
999 2221 1082 2282 qui
1121 2236 1214 2267 non
1251 2221 1299 2267 in
1335 2220 1547 2285 oppofito
1586 2219 1705 2279 sunt,
1755 2221 1956 2269 similiter
1990 2237 2149 2286 agunt,
2184 2224 2389 2273 similiter

378 2288 648 2351 loquuntur,
684 2287 887 2334 similiter
924 2285 1134 2333 ambiunt
1169 2286 1366 2345 divitias,
1400 2288 1450 2336 ὅτ,
1473 2303 1659 2352 quoque
1682 2287 1885 2335 similiter
1907 2289 2164 2354 voluptates
2187 2304 2391 2354 captant,

379 2354 495 2401 ficut
527 2354 592 2401 illi
625 2355 706 2416 qui
746 2354 792 2399 in
828 2352 1040 2417 oppofito
1077 2351 1208 2410 sunt,
1261 2353 1402 2417 usque
1439 2355 1553 2402 adeo
1592 2366 1645 2402 ut
1681 2367 1861 2403 externa
1899 2353 2012 2408 facie
2051 2358 2132 2402 vix
2178 2357 2388 2420 dignosci

379 2432 581 2485 queant3
629 2419 754 2467 causa
793 2419 873 2477 est,
925 2420 1031 2483 quia
1068 2418 1148 2467 soli
1182 2419 1294 2468 fines
1334 2420 1453 2478 sunt,
1490 2423 1571 2485 qui
1611 2420 1915 2485 distinguunt,
1959 2420 2032 2468 seu
2073 2422 2198 2484 quod
2238 2424 2388 2481 idem,

379 2502 571 2544 amores,
607 2502 712 2534 nam
747 2502 921 2534 amores
962 2488 1063 2533 sunt
1102 2486 1248 2543 fines;
1285 2500 1333 2536 at
1358 2488 1532 2536 tametfi
1561 2488 1727 2535 similes
1763 2501 1980 2552 apparent
2019 2486 2170 2536 forma
2203 2503 2386 2539 externa

303 2615 305 2617 η
379 2552 453 2600 seu
492 2553 645 2617 quoad
685 2569 870 2616 corpus,
919 2552 1058 2616 usque
1094 2565 1247 2601 tamen
1286 2555 1464 2618 prorsus
1499 2554 1730 2602 diffimiles
1770 2554 1872 2603 sunt
1911 2553 2061 2602 forma
2099 2557 2271 2604 interna
2308 2555 2384 2605 seu

377 2620 527 2684 quoad
568 2619 812 2684 spiritum;
848 2621 930 2684 qui
968 2621 1015 2666 in
1055 2619 1448 2684 correspondentia
1483 2620 1564 2678 est,
1616 2621 1703 2669 hoc
1739 2621 1821 2678 est,
1872 2622 1996 2685 apud
2035 2638 2174 2686 quem
2199 2623 2388 2672 Interno

377 2687 555 2734 homini
592 2685 909 2751 correspondet
940 2687 1185 2744 Externus,
1220 2685 1315 2752 ejus
1336 2688 1532 2752 Spiritus
1565 2687 1628 2736 est
1668 2688 1889 2736 candidus
1920 2689 1971 2736 &
1995 2689 2203 2753 pulcher,
2238 2691 2383 2754 qualis

378 2753 442 2800 est
479 2769 610 2802 amor
647 2753 840 2802 coelestis
880 2754 927 2801 in
963 2752 1141 2810 forma;
1176 2765 1222 2802 at
1253 2755 1334 2819 qui
1373 2757 1434 2818 in·
1455 2755 1668 2820 oppofito
1702 2754 1785 2811 est,
1820 2755 1907 2804 hoc
1946 2755 2028 2812 est,
2079 2756 2199 2820 apud
2237 2773 2382 2821 quem

377 2819 606 2869 Externus
645 2821 788 2869 homo
824 2821 1058 2885 oppositus
1096 2819 1160 2869 est
1199 2822 1400 2880 Interno,
1434 2836 1667 2887 utcunque
1702 2821 1954 2870 similitudo
1991 2822 2055 2870 est
2095 2839 2203 2873 cum
2242 2825 2387 2873 altero

379 2888 530 2950 quoad
554 2901 810 2944 externum,
846 2885 942 2952 ejus
965 2888 1160 2953 Spiritus
1192 2888 1255 2937 est
1282 2890 1414 2954 niger
1435 2889 1486 2937 δε
1511 2888 1749 2947 deformis,
1784 2888 1930 2952 qualis
1966 2889 2031 2936 est
2068 2906 2197 2938 amor
2235 2890 2299 2938 sui
2330 2892 2380 2939 δε

379 2954 560 3012 mundi,
595 2953 684 3004 hoc
706 2955 786 3013 est,
821 2955 965 3019 qualis
988 2967 1247 3004 contemtus
1268 2956 1482 3014 aliorum,
1516 2957 1567 3005 δε
1591 2956 1723 3021 quale
1746 2957 1926 3014 odium,
1962 2957 2009 3004 in
2031 2955 2191 3005 forma.
2244 2958 2384 3005 Simi-

380 3019 480 3067 liter
513 3020 554 3068 se
588 3018 722 3070 habet
760 3038 870 3088 cum
910 3022 1200 3087 perplurimis
1239 3024 1290 3071 in
1310 3023 1487 3080 Verbo,
1522 3023 1655 3087 quod
1674 3039 1837 3088 nempe
1857 3040 1962 3087 quae
1997 3025 2042 3071 in
2074 3023 2198 3071 sensu
2224 3024 2384 3072 literali

297 3112 299 3114 -
378 3084 497 3143 sunt,
533 3101 772 3151 appareant
794 3089 1001 3154 opposita
1023 3089 1109 3136 illis
1132 3106 1240 3154 quae
1263 3092 1309 3137 in
1334 3089 1459 3139 sensu
1481 3092 1660 3138 interno
1680 3090 1799 3147 sunt,
1836 3107 1945 3138 cum
1981 3103 2131 3138 tamen
2157 3090 2377 3152 nusquam

378 3152 584 3217 opposita
602 3154 706 3213 sint,
740 3154 816 3204 sod
852 3155 1032 3222 prorsus
1067 3157 1479 3273 correspondealriu
1515 3170 1567 3205 ut
1590 3174 1676 3224 pro
1698 3157 1929 3223 exemplo,
1965 3159 2010 3206 in
2034 3157 2385 3268 Verbodpluries

386 3261 390 3266 ·
1444 3240 1467 3272 r
1502 3241 1530 3274 2.
2230 3235 2385 3278 icitur,
