2872 3730
529 273 611 316 20
1015 251 1077 318 G
1171 251 1239 317 Ε·
1320 252 1411 322 N
1499 253 1594 318 E‘
1657 252 1706 317 S
1802 251 1846 317 I
1938 252 2002 317 S.

592 382 735 442 2784.
773 380 836 427 Et
875 379 977 428 fidit
1015 382 1136 445 ligna
1174 379 1435 437 holocausti,
1470 379 1598 443 quod
1637 379 1857 444 significet
1897 382 2113 429 meritum
2144 380 2348 445 justitiae,
2399 399 2508 432 con·

528 443 611 491 stat
646 461 671 491 a
709 445 1030 509 significatione
1065 448 1296 510 lignorum
1334 448 1382 493 &
1423 446 1592 499 findere
1631 446 1786 510 ligna,
1821 447 1945 511 quod
1974 448 2097 512 ligna
2118 447 2372 512 fignificent
2395 450 2512 498 bona

529 526 636 572 quae
674 528 882 574 operum,
935 515 982 560 &
1024 529 1128 576 quae
1161 511 1364 575 justitiae,
1413 513 1462 559 δε
1501 512 1669 559 findere
1708 513 1832 576 ligna
1868 514 1994 576 quod
2033 515 2252 577 fignificet
2298 517 2513 563 meritum

530 592 695 639 ponere
730 580 775 624 in
813 578 941 625 bonis
981 595 1086 642 quae
1125 594 1334 641 operum,
1370 591 1414 625 at
1436 579 1606 625 findere
1629 578 1751 641 ligna
1784 579 2027 626 holocausti
2064 582 2274 627 meritum
2307 579 2512 645 justitiae,

530 637 711 706 apparet
734 647 965 701 remotiuS,
1001 660 1138 707 quarn
1169 657 1219 691 ut
1252 644 1347 691 sciri
1377 657 1512 707 queat
1536 644 1697 708 absque
1721 645 2010 692 revelatione:
2045 647 2172 708 quod
2195 647 2366 695 findere
2391 649 2514 711 ligna

531 707 584 755 fit
623 711 835 757 meritum
877 725 1042 773 ponere
1081 712 1125 756 in
1168 710 1295 757 bonis
1331 725 1437 773 quae
1483 726 1707 774 operum,
1758 710 1958 758 constare
1994 712 2106 758 mibi
2143 714 2294 775 potuit
2332 729 2388 761 ex
2425 714 2510 761 illis

531 790 636 835 quae
676 775 766 822 visa
806 775 905 823 sunt
942 778 991 823 ὅτ
1028 771 1331 839 ἀείέτίρῖει“ἰη
1370 778 1502 823 Parte
1525 777 1679 824 Prima
1718 792 1778 824 n:
1813 793 1935 826 1110
1976 777 2032 824 de
2065 778 2320 826 Seetoribus
2361 779 2510 843 ligno·

531 855 651 898 rum,
688 842 811 904 quod
847 842 932 889 fint
971 842 1052 899 illi,
1087 844 1168 905 qui
1201 859 1284 908 per
1323 842 1455 899 bona,
1507 858 1613 906 quae
1651 841 1869 900 fecerunt,
1919 843 2077 890 mereri
2116 844 2358 892 voluerunt
2400 845 2510 893 salu-

531 917 643 962 tem,
679 917 890 970 praeterea
912 909 1047 955 etiam
1077 908 1179 954 sunt
1209 909 1282 955 alii
1314 907 1564 955 antrorsum
1596 907 1779 971 superne
1811 907 1949 971 paulo
1971 907 2027 955 ad
2052 908 2283 967 dextrum,
2318 927 2374 957 ex
2395 926 2511 974 quo-

530 971 637 1018 dam
676 973 800 1030 orbe,
836 976 915 1037 qui
951 976 1116 1038 pariter
1153 990 1290 1022 omne
1328 973 1503 1021 bonum
1542 974 1623 1021 fibi
1661 974 1964 1031 vindicarunt,
2012 975 2063 1022 δε
2103 989 2318 1040 apparent
2355 976 2510 1024 fimili-

529 1049 598 1083 ter
631 1039 768 1086 secare
809 1040 856 1086 δε
897 1040 1066 1087 findere
1104 1040 1262 1103 ligna;
1298 1041 1343 1086 hi
1380 1040 1653 1104 quandoque
1680 1056 1799 1088 -cum
1838 1040 2033 1087 laborare
2073 1040 2152 1087 fibi
2176 1041 2405 1099 videntur,
2441 1042 2509 1090 lu-

515 1115 632 1152 cent
671 1102 781 1152 facie
819 1120 876 1151 ex
914 1107 1018 1168 igne
1058 1105 1259 1168 quodam
1298 1104 1439 1162 fatuo,
1474 1107 1603 1169 quod
1638 1106 1701 1154 est
1744 1106 1919 1154 bonum
1958 1107 2107 1153 meriti
2144 1108 2269 1170 quod
2309 1107 2389 1155 fibi
2430 1110 2510 1156 tri·

464 1215 476 1222 ,
527 1167 706 1226 buunt·,
742 1170 867 1217 causa
905 1172 1033 1234 quod
1070 1173 1130 1219 ita
1161 1183 1382 1234 appareat,
1417 1170 1480 1218 est
1501 1174 1608 1234 quia
1630 1172 1839 1235 Lignum
1862 1171 1924 1218 est
1948 1170 2358 1234 repraesentativum
2382 1173 2508 1232 boni,

526 1246 578 1281 ut
614 1233 701 1282 fuit
739 1253 876 1284 omne
914 1237 1125 1301 Lignum
1161 1237 1289 1300 quod
1329 1238 1375 1283 in
1400 1239 1538 1294 Arca,
1575 1237 1622 1284 δι
1664 1238 1712 1287 in
1744 1236 1964 1299 Templo,
2008 1248 2110 1283 tum
2149 1253 2333 1301 quoque
2371 1255 2510 1288 omne

524 1297 735 1365 Lignum
768 1301 897 1364 super
920 1304 1069 1350 Altari
1105 1319 1213 1351 cum
1251 1301 1504 1350 holocausta
1538 1303 1588 1350 δι
1627 1302 1835 1350 sacrificia
1873 1302 2073 1358 fiebant3
2110 1305 2188 1366 qui
2232 1315 2384 1352 autern
2423 1305 2508 1352 bo·-

525 1380 638 1412 num
663 1367 742 1415 fibi
767 1368 971 1415 tribuunt
993 1370 1043 1416 &
1066 1370 1350 1422 meritorium
1384 1367 1574 1426 faciunt,
1610 1369 1641 1416 ii
1663 1370 1797 1416 etiam
1821 1368 1867 1415 in
1890 1367 2046 1415 Verbo
2075 1368 2292 1423 dicuntur
2329 1371 2510 1420 adorare
2588 1391 2590 1393 ’

522 1430 700 1494 lignum
726 1445 801 1482 aut
825 1434 1027 1498 sculptile
1046 1451 1103 1481 ex
1124 1435 1264 1498 ligno.
1563 1448 1566 1450 ’
1594 1479 1613 1500 ‚

593 1504 734 1563 2785.
770 1500 918 1564 Qod
963 1500 1165 1558 surrexit,
1201 1501 1422 1564 fignificet
1459 1501 1771 1558 elevationem,
1807 1500 1977 1549 constat
1998 1518 2023 1550 a
2055 1502 2381 1566 significatione
2412 1503 2506 1552 sur-

522 1578 643 1625 gere,
678 1566 822 1629 quod,
859 1565 936 1613 ubi
960 1569 1156 1614 occurrit
1181 1569 1226 1614 in
1251 1567 1421 1622 Verbo,
1456 1567 1651 1630 aliquam
1674 1567 1973 1615 elevationem
1997 1568 2205 1630 involvit.

589 1633 732 1694 2786.
769 1632 833 1678 Et
856 1632 939 1679 ivit
962 1633 1017 1680 ad
1042 1633 1195 1682 locum
1217 1649 1356 1696 quern
1381 1633 1498 1680 dixit
1523 1635 1562 1680 ei
1585 1635 1729 1690 DeuS,
1763 1632 1890 1696 quod
1930 1632 2151 1695 fignificet
2191 1633 2357 1684 statum
2397 1648 2507 1685 tunc

520 1694 767 1745 secundum
807 1701 1158 1762 perceptionem,
1194 1700 1363 1746 constat
1403 1715 1428 1745 a
1467 1699 1792 1762 significatione
1830 1698 1935 1756 loci,
1987 1700 2115 1762 quod
2159 1700 2212 1747 fit
2250 1701 2403 1759 status,
2447 1704 2505 1750 de

519 1778 609 1823 qua
648 1781 707 1812 n:
741 1780 860 1827 1273
903 1765 959 1811 ad
990 1780 1126 1829 1277.
1160 1767 1282 1829 1376
1321 1765 1378 1812 ad
1406 1769 1542 1829 1381.
1580 1766 1744 1827 2625·,
1793 1767 1842 1813 &
1888 1781 1944 1811 ex
1989 1765 2313 1828 significatione
2359 1769 2507 1816 dicere

518 1828 663 1886 Deus,
706 1830 833 1893 quod
872 1829 925 1877 fit
962 1833 1190 1895 percipere
1229 1847 1285 1878 ex
1321 1832 1512 1888 Divino,
1549 1831 1607 1878 de
1645 1847 1735 1894 qua
1772 1847 1834 1878 n:
1864 1830 2004 1895 2769.
2033 1837 2175 1896 2778.
2247 1834 2393 1896 Qod
2434 1836 2502 1899 ip-

518 1893 619 1942 sum
656 1895 818 1943 statum
845 1899 1028 1954 attinet,
1065 1895 1327 1944 describitur
1350 1897 1422 1943 ille
1445 1899 1489 1944 in
1513 1897 1598 1945 hoc
1623 1897 1782 1954 Versu,
1819 1913 1982 1960 nempe
2012 1896 2165 1955 statuS,
2202 1914 2339 1962 quern
2364 1899 2504 1948 susce-

516 1962 587 2022 pit
610 1962 837 2009 Dominus
861 1979 967 2010 cum
993 1965 1256 2011 tentationes
1281 1963 1460 2019 subiret,
1496 1963 1568 2011 hic
1602 1979 1740 2027 quem
1775 1979 1884 2013 cum
1924 1965 2189 2012 tentationes
2228 1967 2505 2028 gravissimas

517 2027 567 2072 &
607 2029 819 2084 intimas;
855 2031 1120 2092 praeparatio
1159 2031 1305 2093 prima
1339 2030 1397 2076 ad
1436 2029 1569 2076 illum
1607 2029 1770 2076 statum
1808 2027 1912 2086 fuit,
1947 2029 2072 2092 quod
2106 2030 2302 2078 induerit
2337 2031 2502 2080 statum

517 2092 643 2140 Pacis
683 2095 731 2141 δε
771 2095 1064 2151 Innocentiae,
1101 2107 1203 2143 tum
1227 2095 1352 2159 quod
1375 2097 1692 2159 praeparaverit
1715 2095 1979 2143 Naturalem
2010 2096 2242 2143 hominem
2284 2098 2406 2161 apud
2443 2098 2502 2154 se,

517 2154 568 2204 ut
603 2161 652 2206 ὅτ
686 2160 987 2218 Rationalem,
1024 2173 1075 2208 ut
1114 2160 1373 2208 inservirent
1410 2161 1635 2209 Rationali
1658 2162 1850 2216 Divino,
1884 2160 2100 2223 quodque
2130 2160 2383 2226 adjunxerit
2406 2180 2504 2211 me-

515 2225 655 2271 ritum
687 2223 893 2288 justitiae,
945 2242 996 2273 ac
1041 2228 1101 2273 ita
1145 2226 1383 2273 elevaverit
1428 2226 1498 2274 se:
1557 2226 1655 2273 haec
1703 2224 1920 2288 nusquam
1965 2227 2175 2290 explicari
2221 2229 2401 2291 pofi’unt
2445 2230 2502 2276 ad

517 2303 718 2352 captum,
755 2304 831 2338 aut
870 2291 956 2349 fisti
996 2293 1111 2339 ideae
1150 2290 1352 2356 alicujuS,
1388 2293 1469 2356 qui
1508 2291 1660 2348 nescit,
1696 2292 1823 2355 quod
1860 2291 2011 2356 plures
2044 2292 2179 2340 status
2223 2294 2356 2341 fimul
2396 2295 2497 2352 fint,

516 2355 565 2401 &
604 2357 668 2403 illi
707 2359 821 2404 inter
860 2358 901 2405 se
940 2357 1151 2414 distincti,
1199 2371 1301 2405 tum
1340 2361 1420 2421 qui
1461 2356 1597 2405 nescit
1634 2358 1747 2421 quid
1788 2357 1923 2405 status
1961 2361 2082 2421 pacis
2119 2360 2166 2405 δε
2210 2359 2499 2418 innocentiae,

513 2422 625 2483 quid
666 2423 874 2483 naturalis
913 2423 1070 2479 homo,
1114 2424 1163 2470 ὅτ
1201 2423 1315 2486 quid
1354 2423 1592 2480 rationalis,
1628 2435 1729 2470 tum
1771 2423 1883 2486 quid
1924 2424 2138 2471 meritum
2175 2421 2398 2486 justitiae,
2429 2426 2527 2473 di-·

512 2486 717 2535 stinctam
756 2491 877 2535 enim
915 2486 1127 2536 ¹omnium
1163 2488 1345 2536 illorum
1384 2489 1533 2536 ideam
1573 2491 1776 2552 primum
1804 2488 2016 2543 -habebit,
2067 2489 2117 2534 &
2153 2490 2497 2552 quoque‘sciet,

512 2554 638 2614 quod
662 2555 891 2601 Dominus
925 2570 981 2601 ex
1003 2555 1176 2601 Divino
1211 2554 1517 2616 quoscunque>
1541 2554 1629 2615 Ipfi
1666 2553 1834 2615 placuit
1870 2552 2004 2599 status
2042 2552 2122 2599 fibi
2163 2554 2373 2602 inducere
2412 2573 2497 2619 po-

512 2620 663 2675 tuerit,
699 2621 748 2665 δε
771 2619 897 2681 quod
937 2621 1257 2682 praeparaverit
1293 2618 1335 2666 se
1377 2634 1457 2682 per
1496 2617 1703 2681 inductos
1740 2618 1890 2681 plures
1921 2617 2058 2665 status
2097 2619 2155 2665 ad
2194 2623 2492 2678 tentationes;

512 2682 611 2730 haec
650 2685 822 2731 tametfi
859 2686 908 2731 in
944 2683 1135 2731 obscuro
1172 2684 1293 2747 quafi
1333 2685 1486 2732 noeies
1523 2683 1625 2730 sunt
1660 2684 1783 2746 apud
1820 2683 2050 2740 homines,
2098 2684 2236 2748 usque
2281 2688 2328 2733 in
2373 2688 2494 2736 claro

511 2750 633 2811 quafi
669 2750 757 2797 diei
793 2749 894 2797 sunt
932 2750 1052 2813 apud
1077 2750 1298 2812 Angelos,
1333 2751 1414 2815 qui
1449 2751 1555 2814 quia
1594 2750 1640 2796 in
1679 2750 1778 2796 luce
1815 2750 1922 2798 coeli
1964 2766 1990 2796 a
2027 2751 2249 2808 Domino,
2271 2752 2489 2802 vinnume—

511 2816 664 2862 rabilia
698 2817 744 2862 in
782 2816 850 2862 his
890 2817 938 2863 &
979 2815 1207 2862 fimilibus'
1237 2816 1440 2863 distinete
1475 2816 1650 2873 vident,
1685 2817 1734 2863 &
1773 2832 1830 2863 ex
1865 2816 2079 2863 influente
2116 2817 2351 2867 affeffione
2381 2833 2491 2867 tunc

511 2881 733 2928 ineffabile
756 2882 980 2945 gaudium
1010 2883 1290 2946 percipiunt:
1327 2881 1450 2939 inde,
1487 2894 1709 2946 quantum
1748 2882 2043 2930 intellefituale
2086 2883 2135 2930 δε
2176 2886 2491 2947 perceptivum
2567 2946 2574 2952 .

509 2947 761 2995 humanum
785 2947 916 2994 distet
933 2947 994 2994 ab
1016 2948 1300 2995 intelleffiiuali
1323 2949 1372 2996 &
1396 2949 1657 3012 perceptivo
1680 2948 1925 3010 Angelico,
1962 2947 2164 2996 constare·
2182 2951 2340 3011 potest.

578 3018 719 3079 2787.
756 3013 891 3061 Vers:
917 3032 963 3074 4.
1000 3015 1053 3061 In
1075 3014 1142 3062 die
1162 3017 1306 3071 tertio,
1342 3013 1397 3063 &²
1419 3014 1591 3078 sustulit
1613 3014 1836 3063 Abraham
1875 3014 2008 3062 oculos
2035 3016 2151 3077 suos,
2188 3015 2243 3064 &
2279 3016 2393 3063 vidit
2431 3017 2493 3063 Io-

506 3096 597 3127 cum
635 3097 658 3128 e
693 3079 923 3143 longinquo.
992 3080 1046 3126 In
1082 3080 1156 3127 die
1193 3082 1327 3128 tertio
1363 3078 1584 3143 fignificat
1620 3078 1902 3143 completum
1938 3080 1992 3128 ὅτ.
2021 3081 2295 3143 principium
2334 3081 2490 3129 sansti-

506 3146 753 3196 ficationis:
802 3147 852 3197 &
890 3144 1063 3194 sustulit
1098 3145 1330 3195 Abraham
1371 3145 1526 3197 oculos
1568 3144 1668 3196 suos
1711 3147 1762 3195 δε
1797 3146 1933 3205 vidit,
1982 3145 2205 3209 fignificat
2250 3149 2489 3212 cogitatio-

2382 3229 2488 3262 nem
