2904 3750
566 257 693 323 272
950 199 2047 326 ‘GENESIS

554 367 697 430 qualis
739 365 882 417 homo
919 366 996 426 est,
1033 384 1142 417 cum
1164 367 1411 433 spiritualis
1457 367 1613 419 faetus.
1684 369 1829 433 Qod
1868 371 1993 419 Bona
2035 369 2125 428 illa,
2171 386 2336 436 nempe
2376 371 2550 423 bonum

554 436 682 491 vitae,
720 433 894 482 bonum
934 436 1046 492 veri,
1083 439 1132 484 δε
1164 435 1337 483 bonum
1378 437 1714 494 dostrinalium,
1751 439 1865 484 inter
1903 437 1944 484 se
1977 436 2182 485 distincta
2214 438 2316 495 lint,
2353 439 2552 488 constare

553 500 702 564 potest
725 501 811 549 illis
833 503 912 566 qui
935 502 1232 565 expendunt;
1271 503 1444 550 bonum
1478 506 1589 552 vitae
1626 503 1689 550 est
1727 504 1854 568 quod
1890 504 2074 567 profluit
2107 521 2163 552 ex
2188 504 2434 562 voluntate,
2470 505 2551 554 bo-

554 583 668 615 num
694 569 789 615 veri
823 569 950 632 quod
983 585 1040 615 ex
1073 569 1316 625 111161166111,
1355 568 1528 617 bonum
1569 583 1720 618 autem
1763 570 2078 617 doctrinalium
2103 572 2228 634 quod
2255 588 2311 618 ex
2334 571 2548 628 scientia,

555 633 800 681 dostrinale
835 634 914 691 est,
950 636 996 680 in
1034 630 1243 698 quo'illa
1280 636 1394 682 sunt.
1464 637 1609 697 Quod
1634 636 1803 684 Lentes
1828 636 2079 700 significent
2117 638 2289 684 bonum
2327 638 2550 685 doctrina-

555 699 687 757 lium,
725 700 895 748 constat
936 717 994 748 ex
1030 697 1100 757 eo,
1137 701 1261 764 quod
1303 703 1462 758 tritica,
1500 702 1681 757 hordea,
1719 702 1853 760 fabae,
1889 704 2044 760 lenteS‚
2082 704 2280 760 milium,
2315 720 2428 760 zeae,
2465 705 2551 753 fint

554 766 674 823 talia,
711 783 817 830 quae
855 767 1109 830 significent
1149 783 1330 830 panem,
1366 766 1440 813 sed
1470 783 1577 815 cum
1617 767 1867 816 differentia
1891 771 1936 816 in
1959 769 2133 833 specie·,
2171 770 2298 832 quod
2335 772 2461 834 panis
2503 771 2548 818 in

554 849 717 895 genere
762 833 812 880 fit
853 833 1047 890 bonum,
1085 849 1140 880 ex
1181 834 1266 880 illis
1307 849 1412 896 quae
1454 850 1514 881 n:
1544 834 1651 898 276.
1679 835 1788 883 680.
1817 836 1957 898 2165.
1985 852 2131 900 2177,
2168 837 2286 883 dieta
2311 837 2359 884 δε
2383 836 2551 884 ostensa

555 898 674 955 sunt,
712 910 849 962 patet,
887 901 946 946 ita
976 898 1137 963 species
1171 900 1278 947 boni
1312 900 1620 963 significantur
1652 917 1731 963 per
1755 901 1827 948 illa
1850 918 1956 961 quae
1979 905 2205 949 nominata
2233 902 2350 959 sunt,
2386 903 2549 966 species

555 964 663 1012 boni
690 964 930 1012 nobiliores
954 981 1035 1028 per
1057 967 1204 1013 tritica
1228 967 1276 1013 ὅ(
1308 965 1491 1022 hordea,
1528 979 1571 1013 at
1595 969 1746 1014 minus
1782 967 1950 1014 nobiles
1987 985 2068 1031 per
2088 966 2207 1015 fabas
2230 969 2279 1016 &
2303 969 2459 1026 lentes,
2497 982 2549 1016 ut

553 1047 737 1094 quoque
762 1030 943 1095 patescit
965 1031 1020 1079 ab
1042 1031 1108 1079 his
1133 1032 1254 1095 apud
1279 1032 1586 1090 Ezechielem,
1615 1038 1656 1078 .“
1681 1034 1760 1081 Tu
1785 1033 1908 1081 sume
1931 1034 2013 1081 tibi
2038 1035 2181 1081 tritica
2204 1035 2252 1081 ὃ(
2277 1034 2458 1092 hordea,
2496 1037 2545 1081 δε

554 1096 703 1144 fabam
737 1098 785 1143 &
810 1098 979 1153 Lentes,
1015 1098 1065 1144 &
1091 1099 1273 1144 milium
1299 1100 1346 1144 &
1372 1113 1491 1154 zeaS,
1529 1101 1576 1146 δι
1615 1099 1693 1146 (165
1733 1099 1808 1147 illa
1846 1101 1892 1146 in
1929 1117 2008 1147 vas
2049 1116 2209 1157 unum,
2246 1102 2294 1148 ὅτ,
2318 1099 2451 1160 facias
2475 1101 2548 1148 illa

553 1163 635 1211 tibi
659 1164 713 1211 ad
740 1165 954 1226 panem,''
991 1178 1044 1209 ιν
1061 1170 1083 1211 ;“
1101 1182 1144 1228 9.
1171 1181 1241 1212 12.
1269 1178 1354 1227 13.·

623 1247 765 1294 3333.
803 1230 866 1276 Ε1
896 1229 988 1276 e'dit
1012 1229 1061 1276 &
1086 1228 1216 1286 bibit,
1254 1229 1380 1292 quod
1415 1228 1636 1292 significet
1673 1231 2101 1294 appropriationem,
2137 1231 2307 1279 constat
2332 1247 2357 1278 a
2378 1231 2547 1294 fignifi-

553 1299 724 1344 catione
749 1295 896 1351 edere,
931 1296 1057 1359 quod
1092 1295 1144 1343 s1t
1184 1296 1490 1360 appropriatio
1523 1295 1647 1352 boni,
1684 1298 1740 1344 de
1762 1314 1852 1361 qua
1875 1314 1934 1345 n:
1963 1302 2105 1360 2187.
2128 1313 2270 1362 2343.
2300 1298 2461 1360 3168;
2498 1300 2548 1346 δε

551 1379 609 1411 ex
631 1362 953 1426 significatione
978 1361 1143 1420 bibere,
1179 1362 1306 1426 quod
1344 1362 1397 1409 sit
1435 1364 1742 1427 appropriatio
1777 1365 1890 1421 veri,
1928 1364 1983 1412 de
2020 1380 2110 1428 qua
2141 1381 2200 1413 n:
2230 1364 2372 1428 3069.
2402 1369 2546 1430 3089.

593 1431 697 1479 168.

556 1447 581 1493 3
622 1513 648 1560 3
656 1514 680 1561 3
689 1513 764 1561 34.
802 1496 865 1543 Ε1
890 1496 1106 1551 surrexit,
1129 1494 1256 1559 quod
1280 1494 1501 1559 fignificet
1523 1495 1817 1544 elevationem
1844 1496 1965 1554 inde,
1990 1496 2160 1545 constat
2176 1513 2201 1544 a
2224 1496 2546 1559 significatione

552 1561 747 1625 surgere,
783 1562 928 1626 quod,
964 1562 1042 1608 ubi
1064 1564 1343 1618 nominatur,
1381 1561 1587 1610 involvat
1610 1562 1926 1619 elevationem,
1963 1564 2019 1610 de
2042 1580 2131 1625 qua
2152 1580 2209 1611 n:
2238 1581 2380 1622 2401.
2403 1568 2544 1627 2785.

554 1646 696 1694 2912.
721 1645 846 1695 2927
869 1650 883 1683 ;
920 1629 968 1676 &
992 1628 1118 1691 quod
1142 1628 1303 1675 elevari
1327 1628 1502 1675 dicatur
1526 1627 1684 1684 homo,
1721 1643 1828 1675 cum
1854 1628 2083 1691 perficitur
2099 1629 2267 1691 <quoad
2306 1629 2548 1691 spiritualia

551 1696 602 1742 &
626 1695 838 1751 coelestia,
874 1694 960 1740 hoc
983 1693 1061 1749 est,
1097 1694 1251 1756 quoad
1274 1709 1433 1740 verum
1458 1693 1586 1756 quod
1607 1693 1671 1740 est
1698 1693 1818 1750 fidei,
1856 1698 1904 1741 &
1928 1693 2081 1758 quoad
2106 1693 2298 1751 bonum,
2333 1694 2459 1758 quod
2482 1694 2547 1743 est

550 1762 714 1809 amoris
739 1764 787 1810 &
812 1760 1050 1817 charitatis,
1086 1775 1145 1808 n:
1175 1775 1316 1823 3171.
1381 1820 1383 1823 ¹

623 1844 766 1892 3335.
803 1827 866 1874 Et
890 1827 990 1882 ivit,
1026 1827 1154 1890 qubd
1190 1825 1409 1888 fignificet
1438 1826 1599 1882 vinam,
1635 1824 1806 1872 constat
1831 1842 1856 1872 a
1878 1824 2200 1888 significatione
2225 1827 2303 1882 ire,
2339 1827 2466 1890 quod
2490 1827 2546 1875 sit

551 1895 765 1960 progredi
806 1894 852 1940 in
893 1892 970 1939 illa
1006 1908 1112 1956 quae
1149 1892 1256 1940 boni
1291 1890 1407 1948 sunt,
1442 1891 1529 1940 hoc
1568 1891 1648 1947 est,
1686 1893 1730 1938 in
1757 1892 1830 1938 illa
1853 1908 1958 1954 quse
1983 1890 2083 1938 sunt
2105 1893 2233 1947 vitae,
2267 1907 2372 1938 nam
2407 1909 2544 1941 omne

553 1962 726 2009 bonum
750 1959 813 2008 est
837 1960 980 2014 vitae;
1016 1957 1156 2005 simile
1194 1974 1325 2022 paene
1357 1974 1407 2005 ac
1439 1973 1519 2021 per
1542 1957 1781 2021 proficisci,
1818 1958 2109 2021 peregrinari,
2146 1958 2195 2004 &
2220 1959 2452 2022 progredi,
2488 1960 2544 2007 de

551 2029 717 2092 quibus
742 2043 798 2075 n:
825 2043 961 2090 1293.
989 2042 1126 2090 ¹457·
1643 2027 1646 2030 “
1929 2026 1932 2029 ’
2584 2027 2586 2030 ·

564 2143 570 2151 s
623 2095 763 2159 3336.
800 2094 864 2140 Et
897 2092 1134 2139 contemsit
1157 2090 1275 2138 Esau
1315 2092 1741 2155 primogenituram,
1778 2089 1906 2155 quod
1946 2089 2165 2153 significet
2202 2090 2328 2154 quod
2368 2090 2543 2140 bonum

551 2162 662 2208 vitae
700 2159 826 2207 nihili
865 2157 1021 2205 fecerit
1061 2160 1223 2204 interea
1262 2159 1560 2221 prioritatem,
1584 2158 1775 2213 ,constat
1814 2174 1838 2204 a
1878 2157 2199 2220 significatione
2236 2170 2540 2214 contemnere,

551 2227 677 2291 quod
703 2227 755 2274 fit
779 2225 905 2272 nihili
936 2223 1075 2271 facere
1097 2246 1110 2279 ;
1147 2240 1172 2270 a
1193 2223 1750 2287 repraesentatione'Esavi,
1784 2223 1910 2287 quod
1936 2223 1988 2270 fit
2013 2223 2185 2269 bonum
2210 2224 2335 2280 vitae,
2372 2223 2428 2271 de
2452 2240 2541 2287 qua

551 2311 580 2341 n
602 2313 612 2341 ε
643 2310 784 2357 3300.
809 2308 930 2356 3322
952 2313 965 2347 ;
1001 2290 1050 2338 &
1074 2307 1100 2337 a
1123 2290 1444 2352 significatione
1467 2292 1858 2354 primogeniturae,
1893 2289 2020 2353 quod
2042 2289 2095 2336 sit
2119 2290 2339 2352 prioritas,
2375 2290 2429 2336 cle
2454 2305 2543 2353 qua

553 2378 608 2408 n:
637 2376 762 2424 3325
782 2382 795 2415 3
831 2357 955 2422 quod
981 2357 1034 2404 fit
1056 2358 1220 2404 interea
1242 2355 1314 2411 seu
1338 2357 1486 2421 quoad
1512 2358 1719 2420 tempus,
1746 2356 1950 2404 videatur
1972 2373 2033 2406 nv:
2064 2373 2204 2420 3324.
2226 2373 2366 2421 3325.
2386 2373 2541 2419 3330;

552 2428 657 2476 inde
691 2437 826 2491 patet,
863 2424 989 2488 quod
1032 2439 1111 2487 per
1146 2423 1383 2471 contemsit
1405 2422 1521 2472 Esau
1546 2424 1974 2488 primogenituram,
2010 2422 2286 2488 significetur
2308 2423 2436 2485 quod
2460 2424 2542 2470 bo·

551 2510 666 2546 num
692 2495 799 2540 vitae
834 2491 958 2538 nihili
990 2488 1144 2537 fecerit
1171 2492 1448 2553 prioritatem
1480 2492 1686 2545 interea„
1729 2490 1800 2538 Ut
1824 2490 1938 2546 haec,
1974 2490 2156 2552 quaelin
2193 2488 2279 2535 hoc
2302 2489 2460 2552 Capite
2483 2488 2542 2536 (16

551 2561 700 2609 Esavo
725 2561 772 2606 ὃ(
798 2557 972 2621 Jacobo
995 2556 1114 2604 dieta
1137 2556 1253 2613 sunt,
1289 2558 1534 2620 capiantur,
1570 2557 1681 2620 quid
1715 2557 1760 2603 in
1800 2555 1921 2604 sensu
1956 2557 2130 2603 interno
2170 2554 2438 2617 significant,
2473 2569 2540 2602 re·

554 2625 781 2674 movenda
803 2624 865 2671 est
881 2622 1065 2690 ⁴prorsus
1096 2623 1313 2685 cogitatio
1341 2623 1398 2669 ab
1428 2622 1665 2679 historicis,
1699 2623 1760 2668 ita
1780 2637 1805 2674 a
1827 2621 2022 2683 personis
2044 2618 2181 2666 Esavi
2204 2620 2253 2664 ὅ(
2277 2618 2452 2678 Jacobi,
2488 2621 2538 2668 δε

553 2693 656 2748 loco
695 2690 877 2739 illorum
918 2687 1218 2735 substituenda
1256 2687 1331 2734 illa
1369 2703 1475 2749 quae
1505 2686 1834 2749 repraesentant,
1871 2701 2034 2748 nempe
2059 2684 2231 2733 bonum
2256 2683 2463 2731 naturalis
2487 2685 2538 2732 &

552 2772 714 2810 verum
747 2753 857 2820 ejuS,
895 2754 965 2800 seu
998 2753 1124 2815 quod
1155 2752 1296 2808 idem,
1331 2751 1473 2798 homo
1495 2751 1731 2815 spiritualis
1754 2752 1832 2813 qui
1857 2766 1937 2813 per
1961 2765 2119 2796 verum
2143 2751 2191 2797 &
2217 2748 2390 2797 bonurn
2413 2765 2539 2812 rege·

551 2836 762 2878 neratur03
799 2820 982 2868 nomina
1013 2820 1136 2864 enim
1176 2819 1221 2864 in
1263 2817 1385 2864 sensu
1426 2818 1603 2867 interno
1626 2816 1766 2862 Verbi
1805 2816 1912 2862 nihil
1950 2815 2067 2862 aliud
2110 2814 2362 2878 significant
2400 2831 2539 2878 quam

551 2906 654 2944 res,
690 2903 798 2935 cum
830 2886 1002 2938 bonum
1035 2883 1243 2931 naturalis
1283 2884 1332 2929 ὃ(
1366 2898 1525 2929 verum
1565 2881 1675 2946 ejus,
1712 2882 1814 2929 loco
1838 2881 1971 2930 Esavi
1994 2882 2044 2929 ὃ(
2069 2881 2244 2941 Jacobi,
2280 2882 2537 2944 capiuntur,

501 2964 506 2968 “
549 2968 659 3003 tunc
698 2965 819 3018 patet
858 2949 1096 3015 quomodo
1136 2947 1177 2995 se
1217 2949 1347 2996 habet
1377 2964 1486 2998 curn
1520 2949 1851 3012 regeneratione
1875 2947 2070 2994 hominis
2094 2963 2173 3010 per
2197 2963 2356 2995 verum
2381 2948 2431 2995 δε
2455 2947 2537 2997 bo·

514 3042 517 3044 ¹
550 3038 682 3078 num,
718 3018 843 3083 quod
867 3032 1030 3084 nempe
1062 3016 1288 3084 principio
1322 3029 1480 3064 verum
1515 3014 1637 3078 apud
1675 3013 1806 3062 illum
1830 3014 2106 3078 prioritatem
2132 3016 2180 3061 &
2205 3029 2387 3076 quoque
2411 3013 2538 3078 supe-

550 3090 795 3141 rioritatem
819 3081 975 3132 habeat
996 3094 1274 3146 apparenter,
1311 3080 1483 3131 tametsi
1508 3081 1681 3127 bonum
1707 3080 1818 3128 in·se
1847 3081 1976 3143 prius,
2005 3080 2053 3126 &
2089 3077 2286 3145 superius
2317 3079 2393 3126 est.
2466 3081 2543 3130 U't.

546 3154 800 3205 evidentius
825 3162 986 3215 pateat,
1011 3147 1248 3211 quomodo
1270 3163 1378 3194 cum
1403 3148 1630 3210 prioritate
1655 3148 1704 3194 ὅτ
1729 3145 2030 3209 superioritate
2053 3145 2127 3193 illa
2153 3146 2190 3193 se
2214 3145 2359 3202 habet,
2385 3147 2540 3210 paucis

547 3219 694 3269 adhuc
716 3217 962 3268 dicendum
985 3237 999 3272 ;
1037 3226 1200 3262 notum
1224 3214 1308 3262 effe
1329 3213 1493 3282 potest,
1529 3213 1657 3278 quod
1678 3212 1789 3261 nihil
1813 3211 2001 3278 usquam
2027 3212 2191 3262 intrare
2216 3214 2348 3278 poffit
2372 3213 2418 3258 in
2442 3228 2538 3288 rne-

2342 3292 2534 3328 moriam
