<?xml version="1.0" encoding="UTF-8"?>
<!DOCTYPE html PUBLIC "-//W3C//DTD XHTML 1.0 Transitional//EN"
    "http://www.w3.org/TR/xhtml1/DTD/xhtml1-transitional.dtd">
<html xmlns="http://www.w3.org/1999/xhtml" xml:lang="en" lang="en">
 <head>
  <title>
</title>
<meta http-equiv="Content-Type" content="text/html;charset=utf-8" />
  <meta name='ocr-system' content='tesseract 3.04.00' />
  <meta name='ocr-capabilities' content='ocr_page ocr_carea ocr_par ocr_line ocrx_word'/>
</head>
<body>
  <div class='ocr_page' id='page_1' title='image "arcanacaelestiaq03sweduoft_0111.png"; bbox 0 0 2872 3730; ppageno 0'>
   <div class='ocr_carea' id='block_1_1' title="bbox 625 236 2422 327">
    <p class='ocr_par' dir='ltr' id='par_1_1' title="bbox 625 236 2422 327">
     <span class='ocr_line' id='line_1_1' title="bbox 625 236 2422 327; baseline 0.002 -24"><span class='ocrx_word' id='word_1_1' title='bbox 625 238 972 303; x_wconf 89' lang='lat' dir='ltr'><strong>CAPUT</strong></span> <span class='ocrx_word' id='word_1_2' title='bbox 1025 237 1586 301; x_wconf 83' lang='lat' dir='ltr'>VIGESIMUM</span> <span class='ocrx_word' id='word_1_3' title='bbox 1637 236 2158 306; x_wconf 87' lang='lat' dir='ltr'><strong>TERTIUM.</strong></span> <span class='ocrx_word' id='word_1_4' title='bbox 2296 264 2422 327; x_wconf 89' lang='lat'><strong>107</strong></span> 
     </span>
    </p>
   </div>
   <div class='ocr_carea' id='block_1_2' title="bbox 395 369 2413 2294">
    <p class='ocr_par' dir='ltr' id='par_1_2' title="bbox 395 369 2413 2294">
     <span class='ocr_line' id='line_1_2' title="bbox 415 369 2410 439; baseline 0.002 -20"><span class='ocrx_word' id='word_1_5' title='bbox 415 369 788 421; x_wconf 77' lang='lat' dir='ltr'><strong>Levit2xxvr1:</strong></span> <span class='ocrx_word' id='word_1_6' title='bbox 817 389 860 435; x_wconf 82' lang='lat'><strong>3.</strong></span> <span class='ocrx_word' id='word_1_7' title='bbox 898 371 1060 419; x_wconf 89' lang='lat' dir='ltr'><strong>Num:</strong></span> <span class='ocrx_word' id='word_1_8' title='bbox 1092 385 1194 417; x_wconf 86' lang='lat'>111:</span> <span class='ocrx_word' id='word_1_9' title='bbox 1219 385 1302 434; x_wconf 88' lang='lat'><strong>47.</strong></span> <span class='ocrx_word' id='word_1_10' title='bbox 1334 386 1411 432; x_wconf 87' lang='lat'><strong>50.</strong></span> <span class='ocrx_word' id='word_1_11' title='bbox 1449 369 1578 432; x_wconf 86' lang='lat' dir='ltr'>Cap:</span> <span class='ocrx_word' id='word_1_12' title='bbox 1603 384 1715 418; x_wconf 81' lang='lat' dir='ltr'><strong>vn:</strong></span> <span class='ocrx_word' id='word_1_13' title='bbox 1747 387 1818 434; x_wconf 86' lang='lat'><strong>13.</strong></span> <span class='ocrx_word' id='word_1_14' title='bbox 1846 389 1917 435; x_wconf 91' lang='lat'><strong>19.</strong></span> <span class='ocrx_word' id='word_1_15' title='bbox 1943 388 2019 433; x_wconf 86' lang='grc'><strong>25.</strong></span> <span class='ocrx_word' id='word_1_16' title='bbox 2041 389 2116 436; x_wconf 82' lang='lat'><strong>31.</strong></span> <span class='ocrx_word' id='word_1_17' title='bbox 2139 388 2215 437; x_wconf 84' lang='lat'><strong>37.</strong></span> <span class='ocrx_word' id='word_1_18' title='bbox 2235 391 2410 439; x_wconf 84' lang='lat'><strong>43.49.</strong></span> 
     </span>
     <span class='ocr_line' id='line_1_3' title="bbox 415 434 2413 502; baseline 0.002 -17"><span class='ocrx_word' id='word_1_19' title='bbox 415 454 494 501; x_wconf 86' lang='lat'><strong>55.</strong></span> <span class='ocrx_word' id='word_1_20' title='bbox 514 439 591 487; x_wconf 88' lang='lat'><strong>61.</strong></span> <span class='ocrx_word' id='word_1_21' title='bbox 611 439 688 502; x_wconf 88' lang='lat'><strong>67.</strong></span> <span class='ocrx_word' id='word_1_22' title='bbox 715 454 789 502; x_wconf 84' lang='lat'><strong>73.</strong></span> <span class='ocrx_word' id='word_1_23' title='bbox 825 439 953 500; x_wconf 85' lang='lat' dir='ltr'><strong>Cap:</strong></span> <span class='ocrx_word' id='word_1_24' title='bbox 980 451 1111 483; x_wconf 82' lang='lat' dir='ltr'><strong>xvm</strong></span> <span class='ocrx_word' id='word_1_25' title='bbox 1134 453 1146 484; x_wconf 73' lang='lat' dir='ltr'><em>z</em></span> <span class='ocrx_word' id='word_1_26' title='bbox 1178 437 1251 484; x_wconf 88' lang='lat'><strong>16.</strong></span> <span class='ocrx_word' id='word_1_27' title='bbox 1309 434 1453 495; x_wconf 87' lang='lat' dir='ltr'><strong>Quod</strong></span> <span class='ocrx_word' id='word_1_28' title='bbox 1476 436 1622 483; x_wconf 91' lang='lat' dir='ltr'><strong>Siclus</strong></span> <span class='ocrx_word' id='word_1_29' title='bbox 1661 437 1716 484; x_wconf 86' lang='lat' dir='ltr'><strong>fit</strong></span> <span class='ocrx_word' id='word_1_30' title='bbox 1752 438 1952 500; x_wconf 88' lang='lat' dir='ltr'><strong>pretium</strong></span> <span class='ocrx_word' id='word_1_31' title='bbox 1977 438 2142 495; x_wconf 64' lang='lat' dir='ltr'><strong>Sancti,</strong></span> <span class='ocrx_word' id='word_1_32' title='bbox 2180 440 2413 489; x_wconf 81' lang='lat' dir='ltr'><strong>manifeste</strong></span> 
     </span>
     <span class='ocr_line' id='line_1_4' title="bbox 411 501 2406 567; baseline 0.002 -16"><span class='ocrx_word' id='word_1_33' title='bbox 411 517 536 567; x_wconf 90' lang='lat' dir='ltr'><strong>patet</strong></span> <span class='ocrx_word' id='word_1_34' title='bbox 558 504 681 567; x_wconf 85' lang='lat' dir='ltr'><strong>apud</strong></span> <span class='ocrx_word' id='word_1_35' title='bbox 705 502 1012 560; x_wconf 86' lang='lat' dir='ltr'><strong>Ezechielem,</strong></span> <span class='ocrx_word' id='word_1_36' title='bbox 1048 501 1128 550; x_wconf 92' lang='lat' dir='ltr'><strong>ubi</strong></span> <span class='ocrx_word' id='word_1_37' title='bbox 1161 504 1311 566; x_wconf 82' lang='lat' dir='ltr'><strong>agitur</strong></span> <span class='ocrx_word' id='word_1_38' title='bbox 1334 502 1393 550; x_wconf 89' lang='lat' dir='ltr'><strong>de</strong></span> <span class='ocrx_word' id='word_1_39' title='bbox 1414 504 1560 551; x_wconf 89' lang='lat' dir='ltr'><strong>Terra</strong></span> <span class='ocrx_word' id='word_1_40' title='bbox 1580 502 1741 550; x_wconf 70' lang='lat' dir='ltr'><strong>Sancta</strong></span> <span class='ocrx_word' id='word_1_41' title='bbox 1760 504 1812 551; x_wconf 76' lang='grc' dir='ltr'><strong>ὅτ</strong></span> <span class='ocrx_word' id='word_1_42' title='bbox 1834 503 1892 550; x_wconf 85' lang='lat' dir='ltr'><strong>de</strong></span> <span class='ocrx_word' id='word_1_43' title='bbox 1916 504 2112 551; x_wconf 87' lang='lat' dir='ltr'><strong>Civitate</strong></span> <span class='ocrx_word' id='word_1_44' title='bbox 2135 505 2307 562; x_wconf 65' lang='lat' dir='ltr'><strong>Sanc‘ta,</strong></span> <span class='ocrx_word' id='word_1_45' title='bbox 2343 507 2406 554; x_wconf 89' lang='lat' dir='ltr'><strong>ibi</strong></span> 
     </span>
     <span class='ocr_line' id='line_1_5' title="bbox 411 569 2406 637; baseline 0.001 -20"><span class='ocrx_word' id='word_1_46' title='bbox 411 572 473 618; x_wconf 86' lang='lat' dir='ltr'><strong>ita</strong></span> <span class='ocrx_word' id='word_1_47' title='bbox 495 570 552 618; x_wconf 88' lang='lat' dir='ltr'><strong>de</strong></span> <span class='ocrx_word' id='word_1_48' title='bbox 574 569 696 617; x_wconf 92' lang='lat' dir='ltr'><strong>Siclo</strong></span> <span class='ocrx_word' id='word_1_49' title='bbox 717 569 900 626; x_wconf 84' lang='lat' dir='ltr'><strong>dicitur,</strong></span> <span class='ocrx_word' id='word_1_50' title='bbox 938 573 972 596; x_wconf 72' lang='lat'><strong>‘⁶</strong></span> <span class='ocrx_word' id='word_1_51' title='bbox 998 569 1133 616; x_wconf 85' lang='lat' dir='ltr'><strong>Siclus</strong></span> <span class='ocrx_word' id='word_1_52' title='bbox 1155 569 1217 616; x_wconf 90' lang='lat' dir='ltr'><strong>ibi</strong></span> <span class='ocrx_word' id='word_1_53' title='bbox 1245 571 1409 631; x_wconf 85' lang='lat' dir='ltr'><strong>viginti</strong></span> <span class='ocrx_word' id='word_1_54' title='bbox 1432 585 1567 632; x_wconf 83' lang='lat' dir='ltr'><strong>gerae,</strong></span> <span class='ocrx_word' id='word_1_55' title='bbox 1601 570 1768 632; x_wconf 88' lang='lat' dir='ltr'><strong>viginti</strong></span> <span class='ocrx_word' id='word_1_56' title='bbox 1789 570 1906 626; x_wconf 86' lang='lat' dir='ltr'><strong>Sicli,</strong></span> <span class='ocrx_word' id='word_1_57' title='bbox 1941 572 2144 634; x_wconf 88' lang='lat' dir='ltr'><strong>quinque</strong></span> <span class='ocrx_word' id='word_1_58' title='bbox 2166 571 2216 617; x_wconf 87' lang='lat'>&amp;</span> <span class='ocrx_word' id='word_1_59' title='bbox 2239 570 2406 637; x_wconf 84' lang='lat' dir='ltr'><strong>viginti</strong></span> 
     </span>
     <span class='ocr_line' id='line_1_6' title="bbox 410 634 2403 702; baseline 0.002 -19"><span class='ocrx_word' id='word_1_60' title='bbox 410 637 527 692; x_wconf 81' lang='lat' dir='ltr'><strong>Sicli,</strong></span> <span class='ocrx_word' id='word_1_61' title='bbox 560 634 823 699; x_wconf 88' lang='lat' dir='ltr'><strong>quindecim</strong></span> <span class='ocrx_word' id='word_1_62' title='bbox 864 635 981 692; x_wconf 88' lang='lat' dir='ltr'><strong>Sicli,</strong></span> <span class='ocrx_word' id='word_1_63' title='bbox 1019 634 1179 683; x_wconf 83' lang='lat' dir='ltr'><strong>maneb</strong></span> <span class='ocrx_word' id='word_1_64' title='bbox 1211 635 1344 699; x_wconf 89' lang='lat' dir='ltr'><strong>(libra</strong></span> <span class='ocrx_word' id='word_1_65' title='bbox 1365 638 1400 696; x_wconf 76' lang='grc' dir='ltr'><strong>ε)</strong></span> <span class='ocrx_word' id='word_1_66' title='bbox 1440 637 1524 683; x_wconf 90' lang='lat' dir='ltr'><strong>erit</strong></span> <span class='ocrx_word' id='word_1_67' title='bbox 1558 636 1739 693; x_wconf 87' lang='lat' dir='ltr'><strong>vobis‚’&#39;</strong></span> <span class='ocrx_word' id='word_1_68' title='bbox 1773 652 1898 685; x_wconf 65' lang='lat' dir='ltr'><strong>xtv:</strong></span> <span class='ocrx_word' id='word_1_69' title='bbox 1929 647 2019 693; x_wconf 74' lang='lat'><strong>12&#39;3</strong></span> <span class='ocrx_word' id='word_1_70' title='bbox 2061 636 2188 700; x_wconf 90' lang='lat' dir='ltr'><strong>quod</strong></span> <span class='ocrx_word' id='word_1_71' title='bbox 2227 637 2289 685; x_wconf 86' lang='lat' dir='ltr'><strong>ibi</strong></span> <span class='ocrx_word' id='word_1_72' title='bbox 2323 654 2403 702; x_wconf 82' lang='lat' dir='ltr'><strong>per</strong></span> 
     </span>
     <span class='ocr_line' id='line_1_7' title="bbox 411 700 2402 766; baseline 0.001 -17"><span class='ocrx_word' id='word_1_73' title='bbox 411 702 588 757; x_wconf 87' lang='lat' dir='ltr'><strong>ficlum,</strong></span> <span class='ocrx_word' id='word_1_74' title='bbox 623 700 674 749; x_wconf 76' lang='grc' dir='ltr'><strong>δε</strong></span> <span class='ocrx_word' id='word_1_75' title='bbox 696 716 776 765; x_wconf 83' lang='lat' dir='ltr'><strong>per</strong></span> <span class='ocrx_word' id='word_1_76' title='bbox 801 700 984 758; x_wconf 89' lang='lat' dir='ltr'><strong>libram,</strong></span> <span class='ocrx_word' id='word_1_77' title='bbox 1019 701 1070 753; x_wconf 87' lang='lat'>&amp;</span> <span class='ocrx_word' id='word_1_78' title='bbox 1101 718 1183 766; x_wconf 89' lang='lat' dir='ltr'><strong>per</strong></span> <span class='ocrx_word' id='word_1_79' title='bbox 1214 719 1428 750; x_wconf 89' lang='lat' dir='ltr'><strong>numeros</strong></span> <span class='ocrx_word' id='word_1_80' title='bbox 1460 702 1769 765; x_wconf 74' lang='lat' dir='ltr'><strong>fign&#39;ificentur</strong></span> <span class='ocrx_word' id='word_1_81' title='bbox 1803 702 1964 760; x_wconf 62' lang='lat' dir='ltr'><strong>sancta,</strong></span> <span class='ocrx_word' id='word_1_82' title='bbox 1998 703 2086 751; x_wconf 92' lang='lat' dir='ltr'><strong>hoc</strong></span> <span class='ocrx_word' id='word_1_83' title='bbox 2109 702 2190 759; x_wconf 88' lang='lat' dir='ltr'><strong>est,</strong></span> <span class='ocrx_word' id='word_1_84' title='bbox 2226 702 2402 752; x_wconf 89' lang='lat' dir='ltr'><strong>bonum</strong></span> 
     </span>
     <span class='ocr_line' id='line_1_8' title="bbox 407 766 2403 833; baseline 0.001 -17"><span class='ocrx_word' id='word_1_85' title='bbox 407 769 458 816; x_wconf 76' lang='grc' dir='ltr'><strong>δε</strong></span> <span class='ocrx_word' id='word_1_86' title='bbox 481 782 660 824; x_wconf 81' lang='lat' dir='ltr'><strong>verum,</strong></span> <span class='ocrx_word' id='word_1_87' title='bbox 694 766 883 831; x_wconf 89' lang='lat' dir='ltr'><strong>quisque</strong></span> <span class='ocrx_word' id='word_1_88' title='bbox 921 767 1075 816; x_wconf 90' lang='lat' dir='ltr'><strong>videre</strong></span> <span class='ocrx_word' id='word_1_89' title='bbox 1113 769 1277 833; x_wconf 87' lang='lat' dir='ltr'><strong>potest,</strong></span> <span class='ocrx_word' id='word_1_90' title='bbox 1321 771 1466 816; x_wconf 91' lang='lat' dir='ltr'><strong>Terra</strong></span> <span class='ocrx_word' id='word_1_91' title='bbox 1503 771 1627 816; x_wconf 86' lang='lat' dir='ltr'><strong>enim</strong></span> <span class='ocrx_word' id='word_1_92' title='bbox 1668 769 1829 826; x_wconf 57' lang='lat' dir='ltr'><strong>sancta,</strong></span> <span class='ocrx_word' id='word_1_93' title='bbox 1864 770 1915 817; x_wconf 75' lang='grc' dir='ltr'><strong>ὅτ.</strong></span> <span class='ocrx_word' id='word_1_94' title='bbox 1938 770 2112 818; x_wconf 85' lang='lat' dir='ltr'><strong>Civitas</strong></span> <span class='ocrx_word' id='word_1_95' title='bbox 2137 770 2297 818; x_wconf 63' lang='lat' dir='ltr'><strong>Sancta</strong></span> <span class='ocrx_word' id='word_1_96' title='bbox 2319 770 2403 827; x_wconf 83' lang='lat' dir='ltr'><strong>ibi,</strong></span> 
     </span>
     <span class='ocr_line' id='line_1_9' title="bbox 396 833 2398 900; baseline 0.002 -20"><span class='ocrx_word' id='word_1_97' title='bbox 396 833 479 885; x_wconf 63' lang='lat' dir='ltr'><strong>,seu</strong></span> <span class='ocrx_word' id='word_1_98' title='bbox 503 833 642 882; x_wconf 89' lang='lat' dir='ltr'><strong>Nova</strong></span> <span class='ocrx_word' id='word_1_99' title='bbox 661 833 999 897; x_wconf 85' lang='lat' dir='ltr'><strong>Hierosolyma,</strong></span> <span class='ocrx_word' id='word_1_100' title='bbox 1034 835 1092 883; x_wconf 91' lang='lat' dir='ltr'><strong>de</strong></span> <span class='ocrx_word' id='word_1_101' title='bbox 1115 852 1205 899; x_wconf 90' lang='lat' dir='ltr'><strong>qua</strong></span> <span class='ocrx_word' id='word_1_102' title='bbox 1226 835 1288 883; x_wconf 90' lang='lat' dir='ltr'><strong>ibi</strong></span> <span class='ocrx_word' id='word_1_103' title='bbox 1312 837 1480 900; x_wconf 89' lang='lat' dir='ltr'><strong>agitur,</strong></span> <span class='ocrx_word' id='word_1_104' title='bbox 1515 851 1607 883; x_wconf 90' lang='lat' dir='ltr'><strong>non</strong></span> <span class='ocrx_word' id='word_1_105' title='bbox 1630 835 1752 883; x_wconf 87' lang='lat' dir='ltr'><strong>aliud</strong></span> <span class='ocrx_word' id='word_1_106' title='bbox 1790 835 1854 884; x_wconf 89' lang='lat' dir='ltr'><strong>est</strong></span> <span class='ocrx_word' id='word_1_107' title='bbox 1892 852 2030 899; x_wconf 88' lang='lat' dir='ltr'><strong>quam</strong></span> <span class='ocrx_word' id='word_1_108' title='bbox 2056 838 2275 900; x_wconf 87' lang='lat' dir='ltr'><strong>Regnum</strong></span> <span class='ocrx_word' id='word_1_109' title='bbox 2298 837 2398 884; x_wconf 81' lang='lat' dir='ltr'><strong>Do-</strong></span> 
     </span>
     <span class='ocr_line' id='line_1_10' title="bbox 406 899 2402 967; baseline 0.001 -20"><span class='ocrx_word' id='word_1_110' title='bbox 406 899 536 956; x_wconf 87' lang='lat' dir='ltr'><strong>mini,</strong></span> <span class='ocrx_word' id='word_1_111' title='bbox 572 899 651 948; x_wconf 86' lang='lat' dir='ltr'><strong>ubi</strong></span> <span class='ocrx_word' id='word_1_112' title='bbox 675 916 758 949; x_wconf 85' lang='lat' dir='ltr'><strong>nec</strong></span> <span class='ocrx_word' id='word_1_113' title='bbox 782 901 944 958; x_wconf 88' lang='lat' dir='ltr'><strong>Siclus,</strong></span> <span class='ocrx_word' id='word_1_114' title='bbox 979 917 1062 949; x_wconf 86' lang='lat' dir='ltr'><strong>nec</strong></span> <span class='ocrx_word' id='word_1_115' title='bbox 1086 902 1237 959; x_wconf 88' lang='lat' dir='ltr'><strong>Gerae,</strong></span> <span class='ocrx_word' id='word_1_116' title='bbox 1273 918 1356 950; x_wconf 90' lang='lat' dir='ltr'><strong>nec</strong></span> <span class='ocrx_word' id='word_1_117' title='bbox 1380 901 1537 958; x_wconf 89' lang='lat' dir='ltr'><strong>Libra,</strong></span> <span class='ocrx_word' id='word_1_118' title='bbox 1573 918 1655 949; x_wconf 90' lang='lat' dir='ltr'><strong>nec</strong></span> <span class='ocrx_word' id='word_1_119' title='bbox 1675 902 1950 950; x_wconf 88' lang='lat' dir='ltr'><strong>Numeratio</strong></span> <span class='ocrx_word' id='word_1_120' title='bbox 1972 917 2053 967; x_wconf 90' lang='lat' dir='ltr'><strong>per</strong></span> <span class='ocrx_word' id='word_1_121' title='bbox 2087 903 2178 960; x_wconf 88' lang='lat' dir='ltr'><strong>illa,</strong></span> <span class='ocrx_word' id='word_1_122' title='bbox 2214 902 2402 966; x_wconf 49' lang='lat' dir='ltr'><strong>sedsipse</strong></span> 
     </span>
     <span class='ocr_line' id='line_1_11' title="bbox 402 966 2399 1032; baseline 0.002 -19"><span class='ocrx_word' id='word_1_123' title='bbox 402 981 618 1014; x_wconf 87' lang='lat' dir='ltr'><strong>numerus</strong></span> <span class='ocrx_word' id='word_1_124' title='bbox 640 982 696 1014; x_wconf 83' lang='lat' dir='ltr'><strong>ex</strong></span> <span class='ocrx_word' id='word_1_125' title='bbox 727 966 1055 1031; x_wconf 75' lang='lat' dir='ltr'><strong>significatione</strong></span> <span class='ocrx_word' id='word_1_126' title='bbox 1083 969 1130 1015; x_wconf 91' lang='lat' dir='ltr'><strong>in</strong></span> <span class='ocrx_word' id='word_1_127' title='bbox 1159 967 1282 1020; x_wconf 85' lang='lat' dir='ltr'><strong>sensu</strong></span> <span class='ocrx_word' id='word_1_128' title='bbox 1311 971 1490 1016; x_wconf 88' lang='lat' dir='ltr'><strong>interno</strong></span> <span class='ocrx_word' id='word_1_129' title='bbox 1525 969 1797 1017; x_wconf 87' lang='lat' dir='ltr'><strong>determinat</strong></span> <span class='ocrx_word' id='word_1_130' title='bbox 1824 968 2172 1017; x_wconf 77' lang='lat' dir='ltr'><strong>aestimationem</strong></span> <span class='ocrx_word' id='word_1_131' title='bbox 2203 969 2276 1016; x_wconf 91' lang='lat' dir='ltr'><strong>seu</strong></span> <span class='ocrx_word' id='word_1_132' title='bbox 2299 985 2399 1032; x_wconf 88' lang='lat' dir='ltr'><strong>pre-</strong></span> 
     </span>
     <span class='ocr_line' id='line_1_12' title="bbox 401 1031 2399 1098; baseline 0.002 -20"><span class='ocrx_word' id='word_1_133' title='bbox 401 1033 521 1080; x_wconf 89' lang='lat' dir='ltr'><strong>tium</strong></span> <span class='ocrx_word' id='word_1_134' title='bbox 543 1031 650 1080; x_wconf 92' lang='lat' dir='ltr'><strong>boni</strong></span> <span class='ocrx_word' id='word_1_135' title='bbox 671 1033 722 1080; x_wconf 91' lang='lat'>&amp;</span> <span class='ocrx_word' id='word_1_136' title='bbox 743 1035 852 1081; x_wconf 88' lang='lat' dir='ltr'><strong>veri.</strong></span> <span class='ocrx_word' id='word_1_137' title='bbox 923 1034 1069 1098; x_wconf 84' lang='lat' dir='ltr'><strong>Apud</strong></span> <span class='ocrx_word' id='word_1_138' title='bbox 1095 1034 1276 1092; x_wconf 86' lang='lat' dir='ltr'><strong>Mosen,</strong></span> <span class='ocrx_word' id='word_1_139' title='bbox 1315 1039 1350 1062; x_wconf 91' lang='lat'><strong>“</strong></span> <span class='ocrx_word' id='word_1_140' title='bbox 1369 1035 1512 1095; x_wconf 84' lang='lat' dir='ltr'><strong>Quod</strong></span> <span class='ocrx_word' id='word_1_141' title='bbox 1534 1037 1608 1082; x_wconf 91' lang='lat' dir='ltr'><strong>vir</strong></span> <span class='ocrx_word' id='word_1_142' title='bbox 1629 1035 1754 1083; x_wconf 84' lang='lat' dir='ltr'><strong>daret</strong></span> <span class='ocrx_word' id='word_1_143' title='bbox 1775 1036 2076 1098; x_wconf 82' lang='lat' dir='ltr'><strong>expiationem</strong></span> <span class='ocrx_word' id='word_1_144' title='bbox 2101 1038 2266 1083; x_wconf 86' lang='lat' dir='ltr'><strong>animae</strong></span> <span class='ocrx_word' id='word_1_145' title='bbox 2288 1035 2399 1092; x_wconf 87' lang='lat' dir='ltr'><strong>suae,</strong></span> 
     </span>
     <span class='ocr_line' id='line_1_13' title="bbox 402 1098 2396 1167; baseline 0.001 -21"><span class='ocrx_word' id='word_1_146' title='bbox 402 1114 459 1146; x_wconf 88' lang='lat' dir='ltr'><strong>ne</strong></span> <span class='ocrx_word' id='word_1_147' title='bbox 491 1098 597 1148; x_wconf 79' lang='lat' dir='ltr'><strong>effet</strong></span> <span class='ocrx_word' id='word_1_148' title='bbox 627 1099 777 1164; x_wconf 85' lang='lat' dir='ltr'>plaga,</span> <span class='ocrx_word' id='word_1_149' title='bbox 811 1100 1030 1148; x_wconf 84' lang='lat' dir='ltr'><strong>dimidium</strong></span> <span class='ocrx_word' id='word_1_150' title='bbox 1053 1101 1155 1160; x_wconf 84' lang='lat' dir='ltr'><strong>ficli</strong></span> <span class='ocrx_word' id='word_1_151' title='bbox 1190 1103 1236 1149; x_wconf 92' lang='lat' dir='ltr'><strong>in</strong></span> <span class='ocrx_word' id='word_1_152' title='bbox 1254 1102 1361 1161; x_wconf 81' lang='lat' dir='ltr'><strong>siclo</strong></span> <span class='ocrx_word' id='word_1_153' title='bbox 1383 1103 1653 1164; x_wconf 69' lang='lat' dir='ltr'><strong>sanblitatis,</strong></span> <span class='ocrx_word' id='word_1_154' title='bbox 1687 1104 1850 1167; x_wconf 62' lang='lat' dir='ltr'><strong>vzginti</strong></span> <span class='ocrx_word' id='word_1_155' title='bbox 1877 1118 1993 1164; x_wconf 81' lang='lat' dir='ltr'><strong>gerae</strong></span> <span class='ocrx_word' id='word_1_156' title='bbox 2015 1103 2161 1160; x_wconf 77' lang='lat' dir='ltr'><strong>siclus,</strong></span> <span class='ocrx_word' id='word_1_157' title='bbox 2196 1103 2246 1150; x_wconf 88' lang='lat'>&amp;</span> <span class='ocrx_word' id='word_1_158' title='bbox 2267 1101 2396 1166; x_wconf 88' lang='lat' dir='ltr'><strong>quod</strong></span> 
     </span>
     <span class='ocr_line' id='line_1_14' title="bbox 402 1163 2394 1232; baseline 0.002 -21"><span class='ocrx_word' id='word_1_159' title='bbox 402 1163 649 1213; x_wconf 88' lang='lat' dir='ltr'><strong>dimidium</strong></span> <span class='ocrx_word' id='word_1_160' title='bbox 673 1168 774 1213; x_wconf 88' lang='lat' dir='ltr'><strong>Sicli</strong></span> <span class='ocrx_word' id='word_1_161' title='bbox 811 1167 915 1214; x_wconf 79' lang='lat' dir='ltr'><strong>esset</strong></span> <span class='ocrx_word' id='word_1_162' title='bbox 943 1166 1181 1215; x_wconf 82' lang='lat' dir='ltr'><strong>therumah</strong></span> <span class='ocrx_word' id='word_1_163' title='bbox 1204 1168 1414 1226; x_wconf 80' lang='lat' dir='ltr'><strong>(sublatio</strong></span> <span class='ocrx_word' id='word_1_164' title='bbox 1432 1172 1468 1228; x_wconf 88' lang='lat'><strong>:)</strong></span> <span class='ocrx_word' id='word_1_165' title='bbox 1492 1167 1733 1228; x_wconf 87' lang='lat' dir='ltr'><strong>Jehovae,&#39;&#39;</strong></span> <span class='ocrx_word' id='word_1_166' title='bbox 1767 1168 1933 1218; x_wconf 82' lang='lat' dir='ltr'><strong>Exod:</strong></span> <span class='ocrx_word' id='word_1_167' title='bbox 1960 1184 2081 1216; x_wconf 87' lang='lat' dir='ltr'>xxx:</span> <span class='ocrx_word' id='word_1_168' title='bbox 2116 1187 2187 1218; x_wconf 89' lang='lat'><strong>12.</strong></span> <span class='ocrx_word' id='word_1_169' title='bbox 2219 1187 2294 1232; x_wconf 82' lang='lat'><strong>13,</strong></span> <span class='ocrx_word' id='word_1_170' title='bbox 2330 1168 2394 1215; x_wconf 86' lang='lat' dir='ltr'><strong>ibi</strong></span> 
     </span>
     <span class='ocr_line' id='line_1_15' title="bbox 401 1230 2397 1298; baseline 0.003 -21"><span class='ocrx_word' id='word_1_171' title='bbox 401 1230 561 1278; x_wconf 90' lang='lat' dir='ltr'><strong>decem</strong></span> <span class='ocrx_word' id='word_1_172' title='bbox 584 1247 728 1294; x_wconf 82' lang='lat' dir='ltr'><strong>gerae,</strong></span> <span class='ocrx_word' id='word_1_173' title='bbox 758 1248 865 1295; x_wconf 87' lang='lat' dir='ltr'><strong>quae</strong></span> <span class='ocrx_word' id='word_1_174' title='bbox 908 1231 1156 1281; x_wconf 87' lang='lat' dir='ltr'><strong>dimidium</strong></span> <span class='ocrx_word' id='word_1_175' title='bbox 1195 1234 1306 1291; x_wconf 77' lang='lat' dir='ltr'><strong>sicli,</strong></span> <span class='ocrx_word' id='word_1_176' title='bbox 1356 1232 1458 1281; x_wconf 88' lang='lat' dir='ltr'><strong>sunt</strong></span> <span class='ocrx_word' id='word_1_177' title='bbox 1495 1234 1696 1297; x_wconf 84' lang='lat' dir='ltr'><strong>reliquiae</strong></span> <span class='ocrx_word' id='word_1_178' title='bbox 1733 1250 1841 1297; x_wconf 87' lang='lat' dir='ltr'><strong>quae</strong></span> <span class='ocrx_word' id='word_1_179' title='bbox 1877 1251 1902 1282; x_wconf 91' lang='lat' dir='ltr'><strong>a</strong></span> <span class='ocrx_word' id='word_1_180' title='bbox 1932 1236 2156 1292; x_wconf 90' lang='lat' dir='ltr'><strong>Domino,</strong></span> <span class='ocrx_word' id='word_1_181' title='bbox 2193 1235 2397 1298; x_wconf 82' lang='lat' dir='ltr'><strong>reliquiae</strong></span> 
     </span>
     <span class='ocr_line' id='line_1_16' title="bbox 402 1296 2399 1365; baseline 0.003 -22"><span class='ocrx_word' id='word_1_182' title='bbox 402 1296 504 1343; x_wconf 91' lang='lat' dir='ltr'><strong>sunt</strong></span> <span class='ocrx_word' id='word_1_183' title='bbox 527 1296 644 1346; x_wconf 88' lang='lat' dir='ltr'><strong>bona</strong></span> <span class='ocrx_word' id='word_1_184' title='bbox 665 1298 714 1346; x_wconf 85' lang='lat'>&amp;</span> <span class='ocrx_word' id='word_1_185' title='bbox 738 1314 844 1350; x_wconf 89' lang='lat' dir='ltr'><strong>vera</strong></span> <span class='ocrx_word' id='word_1_186' title='bbox 865 1298 989 1362; x_wconf 89' lang='lat' dir='ltr'><strong>apud</strong></span> <span class='ocrx_word' id='word_1_187' title='bbox 1011 1299 1243 1347; x_wconf 89' lang='lat' dir='ltr'><strong>hominem</strong></span> <span class='ocrx_word' id='word_1_188' title='bbox 1270 1300 1516 1357; x_wconf 87' lang='lat' dir='ltr'><strong>recondita,</strong></span> <span class='ocrx_word' id='word_1_189' title='bbox 1550 1316 1658 1364; x_wconf 87' lang='lat' dir='ltr'><strong>quae</strong></span> <span class='ocrx_word' id='word_1_190' title='bbox 1695 1301 1823 1363; x_wconf 90' lang='lat' dir='ltr'><strong>quod</strong></span> <span class='ocrx_word' id='word_1_191' title='bbox 1858 1301 2167 1364; x_wconf 87' lang='lat' dir='ltr'><strong>fignificentur</strong></span> <span class='ocrx_word' id='word_1_192' title='bbox 2203 1317 2283 1365; x_wconf 88' lang='lat' dir='ltr'><strong>per</strong></span> <span class='ocrx_word' id='word_1_193' title='bbox 2316 1301 2399 1348; x_wconf 84' lang='lat' dir='ltr'><strong>de·</strong></span> 
     </span>
     <span class='ocr_line' id='line_1_17' title="bbox 402 1364 2396 1431; baseline 0.003 -22"><span class='ocrx_word' id='word_1_194' title='bbox 402 1379 520 1419; x_wconf 85' lang='lat' dir='ltr'><strong>cem,</strong></span> <span class='ocrx_word' id='word_1_195' title='bbox 557 1364 764 1412; x_wconf 87' lang='lat' dir='ltr'><strong>videatur</strong></span> <span class='ocrx_word' id='word_1_196' title='bbox 786 1381 842 1413; x_wconf 91' lang='lat' dir='ltr'><strong>n:</strong></span> <span class='ocrx_word' id='word_1_197' title='bbox 873 1366 982 1428; x_wconf 85' lang='lat'>576.</span> <span class='ocrx_word' id='word_1_198' title='bbox 1009 1370 1146 1431; x_wconf 85' lang='lat'>1738.</span> <span class='ocrx_word' id='word_1_199' title='bbox 1180 1367 1319 1431; x_wconf 86' lang='lat'>1906.</span> <span class='ocrx_word' id='word_1_200' title='bbox 1347 1371 1474 1424; x_wconf 89' lang='lat'><strong>2284</strong></span> <span class='ocrx_word' id='word_1_201' title='bbox 1495 1389 1508 1422; x_wconf 63' lang='grc' dir='ltr'>ς</span> <span class='ocrx_word' id='word_1_202' title='bbox 1544 1367 1671 1429; x_wconf 85' lang='lat' dir='ltr'><strong>quod</strong></span> <span class='ocrx_word' id='word_1_203' title='bbox 1693 1368 1895 1431; x_wconf 81' lang='lat' dir='ltr'><strong>reliquiae</strong></span> <span class='ocrx_word' id='word_1_204' title='bbox 1919 1368 2006 1414; x_wconf 85' lang='lat' dir='ltr'><strong>fint</strong></span> <span class='ocrx_word' id='word_1_205' title='bbox 2030 1368 2146 1417; x_wconf 83' lang='lat' dir='ltr'><strong>bona</strong></span> <span class='ocrx_word' id='word_1_206' title='bbox 2170 1370 2219 1415; x_wconf 77' lang='grc' dir='ltr'><strong>δε</strong></span> <span class='ocrx_word' id='word_1_207' title='bbox 2243 1384 2346 1414; x_wconf 87' lang='lat' dir='ltr'><strong>vera</strong></span> <span class='ocrx_word' id='word_1_208' title='bbox 2370 1383 2396 1414; x_wconf 88' lang='lat' dir='ltr'><strong>a</strong></span> 
     </span>
     <span class='ocr_line' id='line_1_18' title="bbox 401 1429 2395 1498; baseline 0.002 -22"><span class='ocrx_word' id='word_1_209' title='bbox 401 1429 611 1478; x_wconf 88' lang='lat' dir='ltr'><strong>Domino</strong></span> <span class='ocrx_word' id='word_1_210' title='bbox 650 1431 773 1494; x_wconf 90' lang='lat' dir='ltr'><strong>apud</strong></span> <span class='ocrx_word' id='word_1_211' title='bbox 809 1431 1333 1489; x_wconf 70' lang='lat' dir='ltr'><strong>hominem‘recondita,</strong></span> <span class='ocrx_word' id='word_1_212' title='bbox 1369 1450 1429 1481; x_wconf 90' lang='lat' dir='ltr'><strong>n:</strong></span> <span class='ocrx_word' id='word_1_213' title='bbox 1463 1434 1600 1498; x_wconf 88' lang='lat'>1906.</span> <span class='ocrx_word' id='word_1_214' title='bbox 1631 1439 1774 1493; x_wconf 88' lang='lat'><strong>2284,</strong></span> <span class='ocrx_word' id='word_1_215' title='bbox 1818 1450 1954 1497; x_wconf 85' lang='lat' dir='ltr'><strong>quare</strong></span> <span class='ocrx_word' id='word_1_216' title='bbox 1998 1434 2135 1482; x_wconf 85' lang='lat' dir='ltr'><strong>etiam</strong></span> <span class='ocrx_word' id='word_1_217' title='bbox 2174 1439 2395 1482; x_wconf 90' lang='lat' dir='ltr'><strong>vocantur</strong></span> 
     </span>
     <span class='ocr_line' id='line_1_19' title="bbox 399 1495 2389 1563; baseline 0.003 -22"><span class='ocrx_word' id='word_1_218' title='bbox 399 1495 639 1543; x_wconf 84' lang='lat' dir='ltr'><strong>therumah</strong></span> <span class='ocrx_word' id='word_1_219' title='bbox 663 1495 736 1543; x_wconf 87' lang='lat' dir='ltr'><strong>seu</strong></span> <span class='ocrx_word' id='word_1_220' title='bbox 760 1496 946 1545; x_wconf 88' lang='lat' dir='ltr'><strong>sublatio</strong></span> <span class='ocrx_word' id='word_1_221' title='bbox 968 1498 1176 1558; x_wconf 86' lang='lat' dir='ltr'><strong>Jehovae,</strong></span> <span class='ocrx_word' id='word_1_222' title='bbox 1211 1500 1262 1546; x_wconf 89' lang='lat'>&amp;</span> <span class='ocrx_word' id='word_1_223' title='bbox 1286 1499 1468 1554; x_wconf 88' lang='lat' dir='ltr'><strong>dicitur,</strong></span> <span class='ocrx_word' id='word_1_224' title='bbox 1502 1500 1628 1562; x_wconf 88' lang='lat' dir='ltr'><strong>quod</strong></span> <span class='ocrx_word' id='word_1_225' title='bbox 1653 1516 1733 1562; x_wconf 91' lang='lat' dir='ltr'><strong>per</strong></span> <span class='ocrx_word' id='word_1_226' title='bbox 1757 1500 1831 1547; x_wconf 89' lang='lat' dir='ltr'><strong>illa</strong></span> <span class='ocrx_word' id='word_1_227' title='bbox 1854 1502 1938 1547; x_wconf 90' lang='lat' dir='ltr'><strong>erit</strong></span> <span class='ocrx_word' id='word_1_228' title='bbox 1961 1502 2156 1563; x_wconf 85' lang='lat' dir='ltr'><strong>expiatio</strong></span> <span class='ocrx_word' id='word_1_229' title='bbox 2190 1502 2354 1547; x_wconf 81' lang='lat' dir='ltr'><strong>animae</strong></span> <span class='ocrx_word' id='word_1_230' title='bbox 2375 1522 2389 1554; x_wconf 78' lang='lat'><em>3</em></span> 
     </span>
     <span class='ocr_line' id='line_1_20' title="bbox 399 1560 2393 1629; baseline 0.004 -23"><span class='ocrx_word' id='word_1_231' title='bbox 399 1560 541 1616; x_wconf 79' lang='lat' dir='ltr'><strong>causa,</strong></span> <span class='ocrx_word' id='word_1_232' title='bbox 576 1562 705 1623; x_wconf 91' lang='lat' dir='ltr'><strong>quod</strong></span> <span class='ocrx_word' id='word_1_233' title='bbox 743 1562 978 1624; x_wconf 87' lang='lat' dir='ltr'><strong>aliquoties</strong></span> <span class='ocrx_word' id='word_1_234' title='bbox 1013 1562 1204 1618; x_wconf 90' lang='lat' dir='ltr'><strong>dicatur,</strong></span> <span class='ocrx_word' id='word_1_235' title='bbox 1240 1565 1366 1626; x_wconf 89' lang='lat' dir='ltr'><strong>quod</strong></span> <span class='ocrx_word' id='word_1_236' title='bbox 1392 1564 1537 1611; x_wconf 85' lang='lat' dir='ltr'><strong>Siclus</strong></span> <span class='ocrx_word' id='word_1_237' title='bbox 1574 1565 1676 1611; x_wconf 83' lang='lat' dir='ltr'><strong>effet</strong></span> <span class='ocrx_word' id='word_1_238' title='bbox 1715 1567 1879 1627; x_wconf 84' lang='lat' dir='ltr'><strong>viginti</strong></span> <span class='ocrx_word' id='word_1_239' title='bbox 1924 1583 2061 1629; x_wconf 80' lang='lat' dir='ltr'><strong>gerae,</strong></span> <span class='ocrx_word' id='word_1_240' title='bbox 2113 1579 2165 1614; x_wconf 87' lang='lat' dir='ltr'><strong>ut</strong></span> <span class='ocrx_word' id='word_1_241' title='bbox 2204 1569 2247 1613; x_wconf 92' lang='lat' dir='ltr'><strong>in</strong></span> <span class='ocrx_word' id='word_1_242' title='bbox 2290 1566 2393 1613; x_wconf 91' lang='lat' dir='ltr'><strong>loco</strong></span> 
     </span>
     <span class='ocr_line' id='line_1_21' title="bbox 399 1626 2400 1694; baseline 0.002 -22"><span class='ocrx_word' id='word_1_243' title='bbox 399 1627 553 1683; x_wconf 87' lang='lat' dir='ltr'><strong>citato,</strong></span> <span class='ocrx_word' id='word_1_244' title='bbox 604 1639 707 1673; x_wconf 85' lang='lat' dir='ltr'><strong>tum</strong></span> <span class='ocrx_word' id='word_1_245' title='bbox 749 1626 917 1675; x_wconf 87' lang='lat' dir='ltr'><strong>Levit:</strong></span> <span class='ocrx_word' id='word_1_246' title='bbox 941 1642 1118 1676; x_wconf 82' lang='lat' dir='ltr'>xxvn:</span> <span class='ocrx_word' id='word_1_247' title='bbox 1147 1645 1224 1690; x_wconf 86' lang='lat'><strong>25.</strong></span> <span class='ocrx_word' id='word_1_248' title='bbox 1275 1629 1437 1676; x_wconf 90' lang='lat' dir='ltr'><strong>Num:</strong></span> <span class='ocrx_word' id='word_1_249' title='bbox 1471 1645 1570 1677; x_wconf 86' lang='lat'>111:</span> <span class='ocrx_word' id='word_1_250' title='bbox 1596 1647 1678 1694; x_wconf 87' lang='lat'><strong>47.</strong></span> <span class='ocrx_word' id='word_1_251' title='bbox 1730 1633 1857 1694; x_wconf 85' lang='lat' dir='ltr'>Cap:</span> <span class='ocrx_word' id='word_1_252' title='bbox 1885 1647 2033 1679; x_wconf 80' lang='lat' dir='ltr'><strong>xvu:</strong></span> <span class='ocrx_word' id='word_1_253' title='bbox 2067 1634 2140 1690; x_wconf 87' lang='lat'><strong>16,</strong></span> <span class='ocrx_word' id='word_1_254' title='bbox 2184 1634 2234 1680; x_wconf 82' lang='lat'>&amp;</span> <span class='ocrx_word' id='word_1_255' title='bbox 2272 1631 2400 1688; x_wconf 89' lang='lat' dir='ltr'><strong>alibi,</strong></span> 
     </span>
     <span class='ocr_line' id='line_1_22' title="bbox 399 1691 2393 1762; baseline 0.003 -25"><span class='ocrx_word' id='word_1_256' title='bbox 399 1691 478 1748; x_wconf 87' lang='lat' dir='ltr'><strong>est,</strong></span> <span class='ocrx_word' id='word_1_257' title='bbox 514 1693 621 1756; x_wconf 88' lang='lat' dir='ltr'><strong>quia</strong></span> <span class='ocrx_word' id='word_1_258' title='bbox 652 1692 782 1741; x_wconf 86' lang='lat' dir='ltr'><strong>ficlus</strong></span> <span class='ocrx_word' id='word_1_259' title='bbox 805 1694 972 1757; x_wconf 86' lang='lat' dir='ltr'><strong>viginti</strong></span> <span class='ocrx_word' id='word_1_260' title='bbox 997 1710 1120 1756; x_wconf 85' lang='lat' dir='ltr'><strong>gerae</strong></span> <span class='ocrx_word' id='word_1_261' title='bbox 1142 1695 1367 1759; x_wconf 87' lang='lat' dir='ltr'><strong>fignificat</strong></span> <span class='ocrx_word' id='word_1_262' title='bbox 1390 1695 1735 1744; x_wconf 73' lang='lat' dir='ltr'><strong>aestimationem</strong></span> <span class='ocrx_word' id='word_1_263' title='bbox 1771 1697 1878 1744; x_wconf 89' lang='lat' dir='ltr'><strong>boni</strong></span> <span class='ocrx_word' id='word_1_264' title='bbox 1918 1698 2227 1761; x_wconf 71' lang='lat' dir='ltr'><strong>reliquiarum,</strong></span> <span class='ocrx_word' id='word_1_265' title='bbox 2263 1698 2393 1762; x_wconf 88' lang='lat' dir='ltr'><strong>quod</strong></span> 
     </span>
     <span class='ocr_line' id='line_1_23' title="bbox 397 1758 2394 1827; baseline 0.004 -24"><span class='ocrx_word' id='word_1_266' title='bbox 397 1760 564 1821; x_wconf 83' lang='lat' dir='ltr'><strong>viginti</strong></span> <span class='ocrx_word' id='word_1_267' title='bbox 603 1758 688 1806; x_wconf 91' lang='lat' dir='ltr'><strong>s1nt</strong></span> <span class='ocrx_word' id='word_1_268' title='bbox 727 1760 901 1810; x_wconf 90' lang='lat' dir='ltr'><strong>bonum</strong></span> <span class='ocrx_word' id='word_1_269' title='bbox 940 1760 1250 1825; x_wconf 79' lang='lat' dir='ltr'><strong>reliquiarum,</strong></span> <span class='ocrx_word' id='word_1_270' title='bbox 1286 1762 1495 1811; x_wconf 86' lang='lat' dir='ltr'><strong>videatur</strong></span> <span class='ocrx_word' id='word_1_271' title='bbox 1518 1779 1575 1811; x_wconf 87' lang='lat' dir='ltr'><strong>n:</strong></span> <span class='ocrx_word' id='word_1_272' title='bbox 1603 1769 1765 1819; x_wconf 86' lang='lat'><strong>2280;</strong></span> <span class='ocrx_word' id='word_1_273' title='bbox 1803 1763 1906 1811; x_wconf 91' lang='lat' dir='ltr'><strong>ideo</strong></span> <span class='ocrx_word' id='word_1_274' title='bbox 1926 1780 2110 1827; x_wconf 90' lang='lat' dir='ltr'><strong>quoque</strong></span> <span class='ocrx_word' id='word_1_275' title='bbox 2134 1766 2278 1812; x_wconf 90' lang='lat' dir='ltr'><strong>Siclus</strong></span> <span class='ocrx_word' id='word_1_276' title='bbox 2301 1776 2394 1811; x_wconf 87' lang='lat' dir='ltr'><strong>erat</strong></span> 
     </span>
     <span class='ocr_line' id='line_1_24' title="bbox 398 1825 2391 1894; baseline 0.004 -24"><span class='ocrx_word' id='word_1_277' title='bbox 398 1825 596 1887; x_wconf 88' lang='lat' dir='ltr'><strong>pondus,</strong></span> <span class='ocrx_word' id='word_1_278' title='bbox 633 1826 881 1873; x_wconf 88' lang='lat' dir='ltr'><strong>secundum</strong></span> <span class='ocrx_word' id='word_1_279' title='bbox 918 1828 1044 1892; x_wconf 90' lang='lat' dir='ltr'><strong>quod</strong></span> <span class='ocrx_word' id='word_1_280' title='bbox 1084 1830 1283 1891; x_wconf 87' lang='lat' dir='ltr'><strong>pretium</strong></span> <span class='ocrx_word' id='word_1_281' title='bbox 1322 1841 1416 1877; x_wconf 91' lang='lat' dir='ltr'><strong>tam</strong></span> <span class='ocrx_word' id='word_1_282' title='bbox 1454 1831 1547 1876; x_wconf 89' lang='lat' dir='ltr'><strong>auri</strong></span> <span class='ocrx_word' id='word_1_283' title='bbox 1590 1846 1725 1893; x_wconf 86' lang='lat' dir='ltr'><strong>quarn</strong></span> <span class='ocrx_word' id='word_1_284' title='bbox 1751 1831 1943 1894; x_wconf 82' lang='lat' dir='ltr'><strong>argenti,</strong></span> <span class='ocrx_word' id='word_1_285' title='bbox 1979 1832 2111 1878; x_wconf 88' lang='lat' dir='ltr'><strong>Gen:</strong></span> <span class='ocrx_word' id='word_1_286' title='bbox 2137 1847 2285 1879; x_wconf 74' lang='lat' dir='ltr'>xxrv:</span> <span class='ocrx_word' id='word_1_287' title='bbox 2315 1847 2391 1879; x_wconf 90' lang='lat'><strong>22.</strong></span> 
     </span>
     <span class='ocr_line' id='line_1_25' title="bbox 398 1891 2394 1961; baseline 0.004 -23"><span class='ocrx_word' id='word_1_288' title='bbox 398 1891 568 1939; x_wconf 87' lang='lat' dir='ltr'><strong>Exod:</strong></span> <span class='ocrx_word' id='word_1_289' title='bbox 596 1907 838 1940; x_wconf 77' lang='lat' dir='ltr'><strong>xxxvur:</strong></span> <span class='ocrx_word' id='word_1_290' title='bbox 867 1910 944 1953; x_wconf 87' lang='lat'><strong>24.</strong></span> <span class='ocrx_word' id='word_1_291' title='bbox 997 1894 1182 1943; x_wconf 81' lang='lat' dir='ltr'><strong>Ezech:</strong></span> <span class='ocrx_word' id='word_1_292' title='bbox 1214 1912 1301 1945; x_wconf 87' lang='lat' dir='ltr'><strong>1v:</strong></span> <span class='ocrx_word' id='word_1_293' title='bbox 1335 1913 1406 1945; x_wconf 93' lang='lat'><strong>10.</strong></span> <span class='ocrx_word' id='word_1_294' title='bbox 1460 1898 1589 1960; x_wconf 85' lang='lat' dir='ltr'>Cap:</span> <span class='ocrx_word' id='word_1_295' title='bbox 1618 1913 1744 1944; x_wconf 57' lang='lat' dir='ltr'><strong>xiv:</strong></span> <span class='ocrx_word' id='word_1_296' title='bbox 1778 1914 1853 1953; x_wconf 89' lang='lat'><strong>12,</strong></span> <span class='ocrx_word' id='word_1_297' title='bbox 1904 1899 2102 1961; x_wconf 88' lang='lat' dir='ltr'><strong>pretium</strong></span> <span class='ocrx_word' id='word_1_298' title='bbox 2140 1899 2252 1954; x_wconf 78' lang='lat' dir='ltr'><strong>auri,</strong></span> <span class='ocrx_word' id='word_1_299' title='bbox 2288 1899 2394 1960; x_wconf 85' lang='lat' dir='ltr'><strong>quia</strong></span> 
     </span>
     <span class='ocr_line' id='line_1_26' title="bbox 396 1956 2394 2027; baseline 0.005 -25"><span class='ocrx_word' id='word_1_300' title='bbox 396 1973 558 2003; x_wconf 86' lang='lat' dir='ltr'><strong>aurum</strong></span> <span class='ocrx_word' id='word_1_301' title='bbox 585 1956 804 2021; x_wconf 83' lang='lat' dir='ltr'><strong>fignificat</strong></span> <span class='ocrx_word' id='word_1_302' title='bbox 823 1958 1022 2017; x_wconf 87' lang='lat' dir='ltr'><strong>bonum,</strong></span> <span class='ocrx_word' id='word_1_303' title='bbox 1055 1978 1086 2008; x_wconf 90' lang='lat' dir='ltr'><strong>n</strong></span> <span class='ocrx_word' id='word_1_304' title='bbox 1107 1981 1117 2011; x_wconf 92' lang='lat'>:</span> <span class='ocrx_word' id='word_1_305' title='bbox 1150 1980 1167 2010; x_wconf 92' lang='lat'>1</span> <span class='ocrx_word' id='word_1_306' title='bbox 1183 1980 1254 2026; x_wconf 85' lang='lat'><strong>13.</strong></span> <span class='ocrx_word' id='word_1_307' title='bbox 1280 1980 1417 2026; x_wconf 88' lang='lat'><strong>1551.</strong></span> <span class='ocrx_word' id='word_1_308' title='bbox 1443 1981 1585 2026; x_wconf 70' lang='grc'><strong>1552,</strong></span> <span class='ocrx_word' id='word_1_309' title='bbox 1621 1965 1670 2011; x_wconf 85' lang='lat'>&amp;</span> <span class='ocrx_word' id='word_1_310' title='bbox 1695 1965 1885 2026; x_wconf 85' lang='lat' dir='ltr'><strong>argenti,</strong></span> <span class='ocrx_word' id='word_1_311' title='bbox 1921 1965 2026 2027; x_wconf 87' lang='lat' dir='ltr'><strong>quia</strong></span> <span class='ocrx_word' id='word_1_312' title='bbox 2046 1978 2283 2027; x_wconf 81' lang='lat' dir='ltr'><strong>argentum</strong></span> <span class='ocrx_word' id='word_1_313' title='bbox 2306 1964 2394 2026; x_wconf 84' lang='lat' dir='ltr'><strong>fig-</strong></span> 
     </span>
     <span class='ocr_line' id='line_1_27' title="bbox 395 2023 2391 2095; baseline 0.003 -24"><span class='ocrx_word' id='word_1_314' title='bbox 395 2023 550 2071; x_wconf 85' lang='lat' dir='ltr'><strong>nificat</strong></span> <span class='ocrx_word' id='word_1_315' title='bbox 573 2040 752 2080; x_wconf 86' lang='lat' dir='ltr'><strong>verum,</strong></span> <span class='ocrx_word' id='word_1_316' title='bbox 790 2042 852 2074; x_wconf 90' lang='lat' dir='ltr'><strong>n:</strong></span> <span class='ocrx_word' id='word_1_317' title='bbox 885 2044 903 2074; x_wconf 94' lang='lat'>1</span> <span class='ocrx_word' id='word_1_318' title='bbox 914 2043 1022 2089; x_wconf 85' lang='lat'><strong>551-</strong></span> <span class='ocrx_word' id='word_1_319' title='bbox 1052 2033 1194 2088; x_wconf 88' lang='lat'><strong>2048.</strong></span> <span class='ocrx_word' id='word_1_320' title='bbox 1234 2029 1343 2076; x_wconf 87' lang='lat' dir='ltr'><strong>Inde</strong></span> <span class='ocrx_word' id='word_1_321' title='bbox 1367 2045 1488 2077; x_wconf 91' lang='lat' dir='ltr'><strong>nunc</strong></span> <span class='ocrx_word' id='word_1_322' title='bbox 1511 2042 1649 2094; x_wconf 88' lang='lat' dir='ltr'><strong>patet,</strong></span> <span class='ocrx_word' id='word_1_323' title='bbox 1685 2030 1813 2094; x_wconf 86' lang='lat' dir='ltr'><strong>quod</strong></span> <span class='ocrx_word' id='word_1_324' title='bbox 1855 2045 1935 2095; x_wconf 78' lang='lat' dir='ltr'><strong>pet</strong></span> <span class='ocrx_word' id='word_1_325' title='bbox 1973 2043 2138 2078; x_wconf 86' lang='lat' dir='ltr'><strong>terram</strong></span> <span class='ocrx_word' id='word_1_326' title='bbox 2175 2031 2391 2094; x_wconf 88' lang='lat' dir='ltr'><strong>quadrin-</strong></span> 
     </span>
     <span class='ocr_line' id='line_1_28' title="bbox 396 2091 2392 2161; baseline 0.004 -26"><span class='ocrx_word' id='word_1_327' title='bbox 396 2101 643 2152; x_wconf 88' lang='lat' dir='ltr'><strong>gentorum</strong></span> <span class='ocrx_word' id='word_1_328' title='bbox 675 2091 888 2140; x_wconf 77' lang='lat' dir='ltr'><strong>siclorum</strong></span> <span class='ocrx_word' id='word_1_329' title='bbox 925 2095 1117 2156; x_wconf 80' lang='lat' dir='ltr'><strong>argenti,</strong></span> <span class='ocrx_word' id='word_1_330' title='bbox 1165 2095 1443 2158; x_wconf 69' lang='lat' dir='ltr'><strong>significetur</strong></span> <span class='ocrx_word' id='word_1_331' title='bbox 1480 2098 1679 2161; x_wconf 89' lang='lat' dir='ltr'><strong>pretium</strong></span> <span class='ocrx_word' id='word_1_332' title='bbox 1718 2097 2040 2161; x_wconf 88' lang='lat' dir='ltr'><strong>redemptionis</strong></span> <span class='ocrx_word' id='word_1_333' title='bbox 2078 2113 2159 2161; x_wconf 90' lang='lat' dir='ltr'><strong>per</strong></span> <span class='ocrx_word' id='word_1_334' title='bbox 2196 2113 2392 2144; x_wconf 84' lang='lat' dir='ltr'><strong>verum:</strong></span> 
     </span>
     <span class='ocr_line' id='line_1_29' title="bbox 397 2156 2393 2226; baseline 0.004 -24"><span class='ocrx_word' id='word_1_335' title='bbox 397 2156 502 2204; x_wconf 89' lang='lat' dir='ltr'><strong>inde</strong></span> <span class='ocrx_word' id='word_1_336' title='bbox 523 2156 603 2214; x_wconf 85' lang='lat' dir='ltr'><strong>est,</strong></span> <span class='ocrx_word' id='word_1_337' title='bbox 638 2159 745 2221; x_wconf 90' lang='lat' dir='ltr'><strong>quia</strong></span> <span class='ocrx_word' id='word_1_338' title='bbox 777 2160 927 2222; x_wconf 86' lang='lat' dir='ltr'><strong>agitur</strong></span> <span class='ocrx_word' id='word_1_339' title='bbox 959 2161 1016 2207; x_wconf 93' lang='lat' dir='ltr'><strong>de</strong></span> <span class='ocrx_word' id='word_1_340' title='bbox 1037 2160 1238 2210; x_wconf 76' lang='lat' dir='ltr'><strong>Ecclesia</strong></span> <span class='ocrx_word' id='word_1_341' title='bbox 1276 2162 1506 2226; x_wconf 88' lang='lat' dir='ltr'><strong>spirituali,</strong></span> <span class='ocrx_word' id='word_1_342' title='bbox 1542 2179 1648 2226; x_wconf 87' lang='lat' dir='ltr'><strong>quae</strong></span> <span class='ocrx_word' id='word_1_343' title='bbox 1681 2179 1762 2226; x_wconf 91' lang='lat' dir='ltr'><strong>per</strong></span> <span class='ocrx_word' id='word_1_344' title='bbox 1793 2179 1952 2211; x_wconf 79' lang='lat' dir='ltr'><strong>verum</strong></span> <span class='ocrx_word' id='word_1_345' title='bbox 1978 2179 2004 2209; x_wconf 92' lang='lat' dir='ltr'><strong>a</strong></span> <span class='ocrx_word' id='word_1_346' title='bbox 2023 2165 2230 2211; x_wconf 88' lang='lat' dir='ltr'><strong>Domino</strong></span> <span class='ocrx_word' id='word_1_347' title='bbox 2254 2162 2393 2211; x_wconf 87' lang='lat' dir='ltr'><strong>refor-</strong></span> 
     </span>
     <span class='ocr_line' id='line_1_30' title="bbox 397 2227 2389 2294; baseline 0.004 -26"><span class='ocrx_word' id='word_1_348' title='bbox 397 2236 548 2271; x_wconf 88' lang='lat' dir='ltr'><strong>matur</strong></span> <span class='ocrx_word' id='word_1_349' title='bbox 571 2227 619 2274; x_wconf 89' lang='lat'>&amp;</span> <span class='ocrx_word' id='word_1_350' title='bbox 645 2239 929 2288; x_wconf 86' lang='lat' dir='ltr'><strong>regeneratur</strong></span> <span class='ocrx_word' id='word_1_351' title='bbox 950 2243 1006 2274; x_wconf 90' lang='lat' dir='ltr'><strong>n:</strong></span> <span class='ocrx_word' id='word_1_352' title='bbox 1035 2244 1183 2293; x_wconf 86' lang='lat'><strong>2954,</strong></span> <span class='ocrx_word' id='word_1_353' title='bbox 1217 2229 1344 2292; x_wconf 90' lang='lat' dir='ltr'><strong>quod</strong></span> <span class='ocrx_word' id='word_1_354' title='bbox 1368 2228 1545 2277; x_wconf 89' lang='lat' dir='ltr'><strong>dicatur</strong></span> <span class='ocrx_word' id='word_1_355' title='bbox 1568 2230 1761 2285; x_wconf 78' lang='lat' dir='ltr'><strong>Terrae3</strong></span> <span class='ocrx_word' id='word_1_356' title='bbox 1796 2230 1922 2293; x_wconf 89' lang='lat' dir='ltr'><strong>quod</strong></span> <span class='ocrx_word' id='word_1_357' title='bbox 1960 2246 2043 2294; x_wconf 91' lang='lat' dir='ltr'><strong>per</strong></span> <span class='ocrx_word' id='word_1_358' title='bbox 2068 2233 2259 2277; x_wconf 88' lang='lat' dir='ltr'><strong>Terram</strong></span> <span class='ocrx_word' id='word_1_359' title='bbox 2301 2230 2389 2293; x_wconf 85' lang='lat' dir='ltr'><strong>fig-</strong></span> 
     </span>
    </p>
   </div>
   <div class='ocr_carea' id='block_1_3' title="bbox 397 2288 2389 2402">
    <p class='ocr_par' dir='ltr' id='par_1_3' title="bbox 397 2288 2389 2402">
     <span class='ocr_line' id='line_1_31' title="bbox 397 2288 2389 2400; baseline 0.005 -68"><span class='ocrx_word' id='word_1_360' title='bbox 397 2288 604 2400; x_wconf 53' lang='lat' dir='ltr'><strong>nificgtpr</strong></span> <span class='ocrx_word' id='word_1_361' title='bbox 642 2290 857 2347; x_wconf 72' lang='lat' dir='ltr'><strong>Ecclesia,</strong></span> <span class='ocrx_word' id='word_1_362' title='bbox 909 2293 1114 2341; x_wconf 88' lang='lat' dir='ltr'><strong>videatur</strong></span> <span class='ocrx_word' id='word_1_363' title='bbox 1152 2312 1210 2343; x_wconf 88' lang='lat' dir='ltr'><strong>n:</strong></span> <span class='ocrx_word' id='word_1_364' title='bbox 1238 2296 1348 2344; x_wconf 87' lang='grc'><strong>662.</strong></span> <span class='ocrx_word' id='word_1_365' title='bbox 1381 2297 1519 2346; x_wconf 88' lang='lat'>1066.</span> <span class='ocrx_word' id='word_1_366' title='bbox 1551 2297 1689 2360; x_wconf 88' lang='lat'>1067.</span> <span class='ocrx_word' id='word_1_367' title='bbox 1723 2297 1860 2346; x_wconf 84' lang='lat'><strong>1262.</strong></span> <span class='ocrx_word' id='word_1_368' title='bbox 1893 2311 2030 2361; x_wconf 80' lang='lat'>1733.</span> <span class='ocrx_word' id='word_1_369' title='bbox 2072 2300 2209 2357; x_wconf 83' lang='lat'>1850.</span> <span class='ocrx_word' id='word_1_370' title='bbox 2246 2313 2389 2359; x_wconf 87' lang='lat'>2117.</span> 
     </span>
     <span class='ocr_line' id='line_1_32' title="bbox 397 2369 581 2402; baseline -0.016 0"><span class='ocrx_word' id='word_1_371' title='bbox 397 2369 484 2402; x_wconf 83' lang='grc'><strong>211</strong></span> <span class='ocrx_word' id='word_1_372' title='bbox 571 2389 581 2399; x_wconf 89' lang='grc'><strong>.</strong></span> 
     </span>
    </p>
   </div>
   <div class='ocr_carea' id='block_1_4' title="bbox 377 2417 2392 3218">
    <p class='ocr_par' dir='ltr' id='par_1_4' title="bbox 377 2417 2392 3218">
     <span class='ocr_line' id='line_1_33' title="bbox 467 2417 2392 2489; baseline 0.003 -22"><span class='ocrx_word' id='word_1_373' title='bbox 467 2420 609 2483; x_wconf 83' lang='grc'><strong>2960.</strong></span> <span class='ocrx_word' id='word_1_374' title='bbox 647 2420 793 2482; x_wconf 83' lang='lat' dir='ltr'><strong>Qod</strong></span> <span class='ocrx_word' id='word_1_375' title='bbox 818 2422 931 2470; x_wconf 87' lang='lat' dir='ltr'><strong>inter</strong></span> <span class='ocrx_word' id='word_1_376' title='bbox 956 2438 1030 2470; x_wconf 91' lang='lat' dir='ltr'><strong>me</strong></span> <span class='ocrx_word' id='word_1_377' title='bbox 1053 2423 1243 2473; x_wconf 83' lang='lat' dir='ltr'><strong>&amp;inter</strong></span> <span class='ocrx_word' id='word_1_378' title='bbox 1266 2417 1327 2480; x_wconf 86' lang='lat' dir='ltr'><strong>te,</strong></span> <span class='ocrx_word' id='word_1_379' title='bbox 1362 2426 1474 2488; x_wconf 89' lang='lat' dir='ltr'><strong>quid</strong></span> <span class='ocrx_word' id='word_1_380' title='bbox 1509 2425 1614 2483; x_wconf 91' lang='lat' dir='ltr'><strong>hoc,</strong></span> <span class='ocrx_word' id='word_1_381' title='bbox 1648 2426 1871 2489; x_wconf 86' lang='lat' dir='ltr'><strong>fignificet</strong></span> <span class='ocrx_word' id='word_1_382' title='bbox 1905 2426 2032 2489; x_wconf 89' lang='lat' dir='ltr'><strong>quod</strong></span> <span class='ocrx_word' id='word_1_383' title='bbox 2070 2440 2282 2474; x_wconf 82' lang='lat' dir='ltr'><strong>annueret</strong></span> <span class='ocrx_word' id='word_1_384' title='bbox 2317 2424 2392 2473; x_wconf 91' lang='lat' dir='ltr'><strong>sed</strong></span> 
     </span>
     <span class='ocr_line' id='line_1_34' title="bbox 395 2485 2390 2556; baseline 0.004 -25"><span class='ocrx_word' id='word_1_385' title='bbox 395 2485 531 2532; x_wconf 88' lang='lat' dir='ltr'><strong>vellet</strong></span> <span class='ocrx_word' id='word_1_386' title='bbox 554 2485 692 2547; x_wconf 85' lang='lat' dir='ltr'><strong>usque</strong></span> <span class='ocrx_word' id='word_1_387' title='bbox 716 2502 742 2533; x_wconf 88' lang='lat' dir='ltr'><strong>a</strong></span> <span class='ocrx_word' id='word_1_388' title='bbox 765 2486 919 2544; x_wconf 87' lang='lat' dir='ltr'><strong>semet,</strong></span> <span class='ocrx_word' id='word_1_389' title='bbox 955 2505 1120 2552; x_wconf 86' lang='lat' dir='ltr'><strong>nempe</strong></span> <span class='ocrx_word' id='word_1_390' title='bbox 1153 2495 1395 2553; x_wconf 84' lang='lat' dir='ltr'><strong>praeparari</strong></span> <span class='ocrx_word' id='word_1_391' title='bbox 1434 2490 1507 2540; x_wconf 88' lang='lat' dir='ltr'><strong>seu</strong></span> <span class='ocrx_word' id='word_1_392' title='bbox 1549 2490 1798 2549; x_wconf 82' lang='lat' dir='ltr'><strong>reformari,</strong></span> <span class='ocrx_word' id='word_1_393' title='bbox 1832 2492 2030 2540; x_wconf 86' lang='lat' dir='ltr'><strong>constare</strong></span> <span class='ocrx_word' id='word_1_394' title='bbox 2052 2492 2198 2556; x_wconf 87' lang='lat' dir='ltr'><strong>potest</strong></span> <span class='ocrx_word' id='word_1_395' title='bbox 2220 2509 2244 2539; x_wconf 91' lang='lat' dir='ltr'><strong>a</strong></span> <span class='ocrx_word' id='word_1_396' title='bbox 2268 2491 2390 2539; x_wconf 80' lang='lat' dir='ltr'><strong>sensu</strong></span> 
     </span>
     <span class='ocr_line' id='line_1_35' title="bbox 396 2551 2388 2621; baseline 0.004 -24"><span class='ocrx_word' id='word_1_397' title='bbox 396 2551 536 2598; x_wconf 88' lang='lat' dir='ltr'><strong>literae</strong></span> <span class='ocrx_word' id='word_1_398' title='bbox 555 2551 778 2614; x_wconf 86' lang='lat' dir='ltr'><strong>applicato</strong></span> <span class='ocrx_word' id='word_1_399' title='bbox 799 2553 856 2599; x_wconf 88' lang='lat' dir='ltr'><strong>ad</strong></span> <span class='ocrx_word' id='word_1_400' title='bbox 882 2553 1055 2619; x_wconf 77' lang='lat' dir='ltr'><strong>sensum</strong></span> <span class='ocrx_word' id='word_1_401' title='bbox 1080 2557 1331 2613; x_wconf 87' lang='lat' dir='ltr'><strong>internum,</strong></span> <span class='ocrx_word' id='word_1_402' title='bbox 1367 2559 1414 2604; x_wconf 90' lang='lat' dir='ltr'><strong>in</strong></span> <span class='ocrx_word' id='word_1_403' title='bbox 1454 2573 1548 2620; x_wconf 91' lang='lat' dir='ltr'><strong>quo</strong></span> <span class='ocrx_word' id='word_1_404' title='bbox 1587 2559 1737 2621; x_wconf 85' lang='lat' dir='ltr'><strong>agitur</strong></span> <span class='ocrx_word' id='word_1_405' title='bbox 1776 2558 1833 2605; x_wconf 92' lang='lat' dir='ltr'><strong>de</strong></span> <span class='ocrx_word' id='word_1_406' title='bbox 1871 2557 2220 2614; x_wconf 77' lang='lat' dir='ltr'><strong>reformatione3</strong></span> <span class='ocrx_word' id='word_1_407' title='bbox 2258 2557 2388 2621; x_wconf 88' lang='lat' dir='ltr'><strong>supra</strong></span> 
     </span>
     <span class='ocr_line' id='line_1_36' title="bbox 393 2617 2380 2687; baseline 0.004 -24"><span class='ocrx_word' id='word_1_408' title='bbox 393 2617 571 2665; x_wconf 70' lang='lat' dir='ltr'><strong>dictum</strong></span> <span class='ocrx_word' id='word_1_409' title='bbox 595 2618 650 2665; x_wconf 88' lang='lat' dir='ltr'><strong>ab</strong></span> <span class='ocrx_word' id='word_1_410' title='bbox 674 2618 908 2683; x_wconf 85' lang='lat' dir='ltr'><strong>Ephrone,</strong></span> <span class='ocrx_word' id='word_1_411' title='bbox 947 2625 980 2647; x_wconf 74' lang='lat'><strong>‘⁶</strong></span> <span class='ocrx_word' id='word_1_412' title='bbox 1003 2623 1191 2684; x_wconf 86' lang='lat' dir='ltr'><strong>Agrum</strong></span> <span class='ocrx_word' id='word_1_413' title='bbox 1214 2622 1277 2670; x_wconf 89' lang='lat' dir='ltr'><strong>do</strong></span> <span class='ocrx_word' id='word_1_414' title='bbox 1300 2622 1400 2680; x_wconf 88' lang='lat' dir='ltr'><strong>tibi,</strong></span> <span class='ocrx_word' id='word_1_415' title='bbox 1435 2624 1484 2670; x_wconf 86' lang='lat'>&amp;</span> <span class='ocrx_word' id='word_1_416' title='bbox 1507 2623 1762 2687; x_wconf 86' lang='lat' dir='ltr'><strong>speluncam</strong></span> <span class='ocrx_word' id='word_1_417' title='bbox 1793 2640 1898 2687; x_wconf 81' lang='lat' dir='ltr'><strong>quae</strong></span> <span class='ocrx_word' id='word_1_418' title='bbox 1934 2626 1978 2671; x_wconf 90' lang='lat' dir='ltr'><strong>in</strong></span> <span class='ocrx_word' id='word_1_419' title='bbox 2016 2625 2095 2672; x_wconf 89' lang='lat' dir='ltr'><strong>illo</strong></span> <span class='ocrx_word' id='word_1_420' title='bbox 2134 2625 2197 2671; x_wconf 92' lang='lat' dir='ltr'><strong>do</strong></span> <span class='ocrx_word' id='word_1_421' title='bbox 2226 2625 2307 2671; x_wconf 85' lang='lat' dir='ltr'><strong>tibi</strong></span> <span class='ocrx_word' id='word_1_422' title='bbox 2332 2625 2380 2670; x_wconf 88' lang='lat' dir='ltr'><strong>il-</strong></span> 
     </span>
     <span class='ocr_line' id='line_1_37' title="bbox 394 2683 2390 2756; baseline 0.005 -27"><span class='ocrx_word' id='word_1_423' title='bbox 394 2683 539 2741; x_wconf 85' lang='lat' dir='ltr'><strong>lam,”</strong></span> <span class='ocrx_word' id='word_1_424' title='bbox 574 2683 709 2731; x_wconf 90' lang='lat' dir='ltr'><strong>Vers:</strong></span> <span class='ocrx_word' id='word_1_425' title='bbox 745 2703 821 2743; x_wconf 85' lang='grc'><strong>11,</strong></span> <span class='ocrx_word' id='word_1_426' title='bbox 856 2686 1022 2750; x_wconf 89' lang='lat' dir='ltr'><strong>quibus</strong></span> <span class='ocrx_word' id='word_1_427' title='bbox 1054 2688 1378 2751; x_wconf 75' lang='lat' dir='ltr'><strong>fignificatum.</strong></span> <span class='ocrx_word' id='word_1_428' title='bbox 1411 2691 1539 2753; x_wconf 90' lang='lat' dir='ltr'><strong>quod</strong></span> <span class='ocrx_word' id='word_1_429' title='bbox 1577 2690 1743 2738; x_wconf 87' lang='lat' dir='ltr'><strong>vellent</strong></span> <span class='ocrx_word' id='word_1_430' title='bbox 1778 2707 2024 2754; x_wconf 87' lang='lat' dir='ltr'><strong>praeparare</strong></span> <span class='ocrx_word' id='word_1_431' title='bbox 2063 2690 2200 2738; x_wconf 89' lang='lat' dir='ltr'><strong>semet</strong></span> <span class='ocrx_word' id='word_1_432' title='bbox 2239 2690 2390 2756; x_wconf 86' lang='lat' dir='ltr'><strong>quoad</strong></span> 
     </span>
     <span class='ocr_line' id='line_1_38' title="bbox 395 2750 2386 2821; baseline 0.004 -25"><span class='ocrx_word' id='word_1_433' title='bbox 395 2750 470 2796; x_wconf 88' lang='lat' dir='ltr'><strong>illa</strong></span> <span class='ocrx_word' id='word_1_434' title='bbox 492 2767 598 2813; x_wconf 84' lang='lat' dir='ltr'><strong>quae</strong></span> <span class='ocrx_word' id='word_1_435' title='bbox 632 2751 732 2798; x_wconf 89' lang='lat' dir='ltr'><strong>sunt</strong></span> <span class='ocrx_word' id='word_1_436' title='bbox 754 2752 968 2802; x_wconf 75' lang='lat' dir='ltr'><strong>Ecclefiae</strong></span> <span class='ocrx_word' id='word_1_437' title='bbox 991 2755 1040 2802; x_wconf 87' lang='lat'>&amp;</span> <span class='ocrx_word' id='word_1_438' title='bbox 1063 2755 1189 2811; x_wconf 90' lang='lat' dir='ltr'><strong>fidei,</strong></span> <span class='ocrx_word' id='word_1_439' title='bbox 1225 2756 1310 2804; x_wconf 87' lang='lat' dir='ltr'><strong>hoc</strong></span> <span class='ocrx_word' id='word_1_440' title='bbox 1333 2755 1412 2813; x_wconf 86' lang='lat' dir='ltr'><strong>est,</strong></span> <span class='ocrx_word' id='word_1_441' title='bbox 1449 2755 1489 2803; x_wconf 89' lang='lat' dir='ltr'><strong>se</strong></span> <span class='ocrx_word' id='word_1_442' title='bbox 1513 2754 1755 2810; x_wconf 83' lang='lat' dir='ltr'><strong>reformare</strong></span> <span class='ocrx_word' id='word_1_443' title='bbox 1775 2779 1789 2814; x_wconf 87' lang='lat'>;</span> <span class='ocrx_word' id='word_1_444' title='bbox 1825 2757 1951 2820; x_wconf 88' lang='lat' dir='ltr'><strong>quod</strong></span> <span class='ocrx_word' id='word_1_445' title='bbox 1973 2757 2108 2807; x_wconf 85' lang='lat' dir='ltr'><strong>status</strong></span> <span class='ocrx_word' id='word_1_446' title='bbox 2133 2760 2309 2821; x_wconf 89' lang='lat' dir='ltr'><strong>primus</strong></span> <span class='ocrx_word' id='word_1_447' title='bbox 2332 2758 2386 2804; x_wconf 90' lang='lat' dir='ltr'><strong>il-</strong></span> 
     </span>
     <span class='ocr_line' id='line_1_39' title="bbox 393 2816 2386 2888; baseline 0.005 -26"><span class='ocrx_word' id='word_1_448' title='bbox 393 2816 562 2874; x_wconf 89' lang='lat' dir='ltr'><strong>lorum,</strong></span> <span class='ocrx_word' id='word_1_449' title='bbox 598 2819 678 2880; x_wconf 91' lang='lat' dir='ltr'><strong>qui</strong></span> <span class='ocrx_word' id='word_1_450' title='bbox 700 2817 1021 2878; x_wconf 86' lang='lat' dir='ltr'><strong>reformantur,</strong></span> <span class='ocrx_word' id='word_1_451' title='bbox 1057 2821 1110 2868; x_wconf 91' lang='lat' dir='ltr'><strong>s1t</strong></span> <span class='ocrx_word' id='word_1_452' title='bbox 1133 2822 1248 2879; x_wconf 90' lang='lat' dir='ltr'><strong>talis,</strong></span> <span class='ocrx_word' id='word_1_453' title='bbox 1286 2822 1492 2870; x_wconf 86' lang='lat' dir='ltr'><strong>videatur</strong></span> <span class='ocrx_word' id='word_1_454' title='bbox 1514 2840 1575 2872; x_wconf 90' lang='lat' dir='ltr'><strong>n:</strong></span> <span class='ocrx_word' id='word_1_455' title='bbox 1605 2825 1751 2887; x_wconf 81' lang='lat'><strong>2946,</strong></span> <span class='ocrx_word' id='word_1_456' title='bbox 1786 2836 1832 2871; x_wconf 89' lang='lat' dir='ltr'><strong>at</strong></span> <span class='ocrx_word' id='word_1_457' title='bbox 1855 2840 1963 2871; x_wconf 90' lang='lat' dir='ltr'><strong>cum</strong></span> <span class='ocrx_word' id='word_1_458' title='bbox 1991 2824 2175 2872; x_wconf 87' lang='lat' dir='ltr'><strong>ulterius</strong></span> <span class='ocrx_word' id='word_1_459' title='bbox 2201 2841 2386 2888; x_wconf 82' lang='lat' dir='ltr'><strong>progre-</strong></span> 
     </span>
     <span class='ocr_line' id='line_1_40' title="bbox 377 2884 2386 2953; baseline 0.003 -23"><span class='ocrx_word' id='word_1_460' title='bbox 377 2884 582 2932; x_wconf 69' lang='lat' dir='ltr'><strong>diuntur</strong></span> <span class='ocrx_word' id='word_1_461' title='bbox 605 2885 650 2930; x_wconf 89' lang='lat' dir='ltr'><strong>in</strong></span> <span class='ocrx_word' id='word_1_462' title='bbox 674 2886 1014 2948; x_wconf 87' lang='lat' dir='ltr'><strong>cognitionibus</strong></span> <span class='ocrx_word' id='word_1_463' title='bbox 1039 2889 1134 2935; x_wconf 88' lang='lat' dir='ltr'><strong>veri</strong></span> <span class='ocrx_word' id='word_1_464' title='bbox 1157 2888 1230 2936; x_wconf 93' lang='lat' dir='ltr'><strong>seu</strong></span> <span class='ocrx_word' id='word_1_465' title='bbox 1253 2888 1379 2946; x_wconf 88' lang='lat' dir='ltr'><strong>fidei,</strong></span> <span class='ocrx_word' id='word_1_466' title='bbox 1404 2901 1513 2939; x_wconf 88' lang='lat' dir='ltr'><strong>tunc</strong></span> <span class='ocrx_word' id='word_1_467' title='bbox 1537 2889 1757 2938; x_wconf 87' lang='lat' dir='ltr'><strong>secundus</strong></span> <span class='ocrx_word' id='word_1_468' title='bbox 1779 2890 1962 2938; x_wconf 90' lang='lat' dir='ltr'><strong>illorum</strong></span> <span class='ocrx_word' id='word_1_469' title='bbox 1987 2891 2122 2949; x_wconf 79' lang='lat' dir='ltr'><strong>status</strong></span> <span class='ocrx_word' id='word_1_470' title='bbox 2145 2891 2223 2947; x_wconf 88' lang='lat' dir='ltr'><strong>est,</strong></span> <span class='ocrx_word' id='word_1_471' title='bbox 2258 2890 2386 2953; x_wconf 91' lang='lat' dir='ltr'><strong>quod</strong></span> 
     </span>
     <span class='ocr_line' id='line_1_41' title="bbox 394 2950 2384 3019; baseline 0.004 -25"><span class='ocrx_word' id='word_1_472' title='bbox 394 2950 584 3011; x_wconf 88' lang='lat' dir='ltr'><strong>quidem</strong></span> <span class='ocrx_word' id='word_1_473' title='bbox 615 2965 831 3009; x_wconf 83' lang='lat' dir='ltr'><strong>annuant,</strong></span> <span class='ocrx_word' id='word_1_474' title='bbox 868 2952 941 3000; x_wconf 91' lang='lat' dir='ltr'><strong>sed</strong></span> <span class='ocrx_word' id='word_1_475' title='bbox 966 2953 1104 3017; x_wconf 61' lang='lat' dir='ltr'><strong>ufique</strong></span> <span class='ocrx_word' id='word_1_476' title='bbox 1127 2955 1269 3005; x_wconf 89' lang='lat' dir='ltr'><strong>velint</strong></span> <span class='ocrx_word' id='word_1_477' title='bbox 1291 2972 1317 3002; x_wconf 89' lang='lat' dir='ltr'><strong>a</strong></span> <span class='ocrx_word' id='word_1_478' title='bbox 1336 2955 1490 3012; x_wconf 88' lang='lat' dir='ltr'><strong>semet,</strong></span> <span class='ocrx_word' id='word_1_479' title='bbox 1527 2956 1583 3003; x_wconf 93' lang='lat' dir='ltr'><strong>de</strong></span> <span class='ocrx_word' id='word_1_480' title='bbox 1607 2956 1694 3006; x_wconf 85' lang='lat' dir='ltr'><strong>hoc</strong></span> <span class='ocrx_word' id='word_1_481' title='bbox 1721 2957 1835 3004; x_wconf 90' lang='lat' dir='ltr'><strong>statu</strong></span> <span class='ocrx_word' id='word_1_482' title='bbox 1859 2959 1906 3004; x_wconf 90' lang='lat' dir='ltr'><strong>in</strong></span> <span class='ocrx_word' id='word_1_483' title='bbox 1930 2957 2015 3005; x_wconf 92' lang='lat' dir='ltr'><strong>hoc</strong></span> <span class='ocrx_word' id='word_1_484' title='bbox 2038 2956 2179 3004; x_wconf 86' lang='lat' dir='ltr'><strong>Versu</strong></span> <span class='ocrx_word' id='word_1_485' title='bbox 2203 2958 2351 3019; x_wconf 87' lang='lat' dir='ltr'><strong>agitur</strong></span> <span class='ocrx_word' id='word_1_486' title='bbox 2367 2978 2384 3011; x_wconf 75' lang='lat'><em>3</em></span> 
     </span>
     <span class='ocr_line' id='line_1_42' title="bbox 392 3016 2389 3086; baseline 0.005 -26"><span class='ocrx_word' id='word_1_487' title='bbox 392 3027 438 3060; x_wconf 89' lang='lat' dir='ltr'><strong>at</strong></span> <span class='ocrx_word' id='word_1_488' title='bbox 463 3017 616 3063; x_wconf 86' lang='lat' dir='ltr'><strong>tertius</strong></span> <span class='ocrx_word' id='word_1_489' title='bbox 638 3016 773 3065; x_wconf 89' lang='lat' dir='ltr'><strong>status</strong></span> <span class='ocrx_word' id='word_1_490' title='bbox 797 3035 908 3068; x_wconf 89' lang='lat' dir='ltr'><strong>mox</strong></span> <span class='ocrx_word' id='word_1_491' title='bbox 930 3019 1212 3079; x_wconf 82' lang='lat' dir='ltr'><strong>describitur,</strong></span> <span class='ocrx_word' id='word_1_492' title='bbox 1247 3022 1375 3086; x_wconf 90' lang='lat' dir='ltr'><strong>quod</strong></span> <span class='ocrx_word' id='word_1_493' title='bbox 1412 3023 1596 3070; x_wconf 86' lang='lat' dir='ltr'><strong>credant</strong></span> <span class='ocrx_word' id='word_1_494' title='bbox 1631 3022 1863 3070; x_wconf 87' lang='lat' dir='ltr'><strong>reformari</strong></span> <span class='ocrx_word' id='word_1_495' title='bbox 1899 3040 1924 3069; x_wconf 92' lang='lat' dir='ltr'><strong>a</strong></span> <span class='ocrx_word' id='word_1_496' title='bbox 1946 3024 2166 3071; x_wconf 89' lang='lat' dir='ltr'><strong>Domino.</strong></span> <span class='ocrx_word' id='word_1_497' title='bbox 2239 3023 2389 3086; x_wconf 72' lang='lat' dir='ltr'><strong>Qod</strong></span> 
     </span>
     <span class='ocr_line' id='line_1_43' title="bbox 394 3077 2384 3155; baseline 0.004 -30"><span class='ocrx_word' id='word_1_498' title='bbox 394 3077 500 3126; x_wconf 83' lang='lat' dir='ltr'><strong>tales</strong></span> <span class='ocrx_word' id='word_1_499' title='bbox 525 3082 610 3129; x_wconf 88' lang='lat' dir='ltr'><strong>smt</strong></span> <span class='ocrx_word' id='word_1_500' title='bbox 632 3084 678 3129; x_wconf 87' lang='lat' dir='ltr'><strong>in</strong></span> <span class='ocrx_word' id='word_1_501' title='bbox 702 3087 944 3149; x_wconf 82' lang='lat' dir='ltr'><strong>principio,</strong></span> <span class='ocrx_word' id='word_1_502' title='bbox 980 3087 1248 3140; x_wconf 66' lang='lat' dir='ltr'><strong>causadicta</strong></span> <span class='ocrx_word' id='word_1_503' title='bbox 1269 3088 1333 3136; x_wconf 91' lang='lat' dir='ltr'><strong>est</strong></span> <span class='ocrx_word' id='word_1_504' title='bbox 1355 3088 1487 3152; x_wconf 79' lang='lat' dir='ltr'><strong>supra</strong></span> <span class='ocrx_word' id='word_1_505' title='bbox 1510 3107 1538 3135; x_wconf 90' lang='lat' dir='ltr'><strong>n</strong></span> <span class='ocrx_word' id='word_1_506' title='bbox 1562 3108 1572 3136; x_wconf 91' lang='lat'>:</span> <span class='ocrx_word' id='word_1_507' title='bbox 1598 3091 1726 3155; x_wconf 85' lang='lat'><strong>2946</strong></span> <span class='ocrx_word' id='word_1_508' title='bbox 1748 3112 1761 3146; x_wconf 80' lang='lat'>3</span> <span class='ocrx_word' id='word_1_509' title='bbox 1798 3090 1922 3152; x_wconf 90' lang='lat' dir='ltr'><strong>quod</strong></span> <span class='ocrx_word' id='word_1_510' title='bbox 1959 3103 2109 3137; x_wconf 89' lang='lat' dir='ltr'><strong>autem</strong></span> <span class='ocrx_word' id='word_1_511' title='bbox 2145 3105 2253 3136; x_wconf 87' lang='lat' dir='ltr'><strong>cum</strong></span> <span class='ocrx_word' id='word_1_512' title='bbox 2278 3105 2384 3150; x_wconf 86' lang='lat' dir='ltr'><strong>pro-</strong></span> 
     </span>
     <span class='ocr_line' id='line_1_44' title="bbox 393 3148 2387 3218; baseline 0.004 -28"><span class='ocrx_word' id='word_1_513' title='bbox 393 3148 661 3206; x_wconf 85' lang='lat' dir='ltr'><strong>grediuntur</strong></span> <span class='ocrx_word' id='word_1_514' title='bbox 699 3152 745 3196; x_wconf 88' lang='lat' dir='ltr'><strong>in</strong></span> <span class='ocrx_word' id='word_1_515' title='bbox 785 3154 1120 3215; x_wconf 87' lang='lat' dir='ltr'><strong>cognitionibus</strong></span> <span class='ocrx_word' id='word_1_516' title='bbox 1154 3157 1249 3202; x_wconf 88' lang='lat' dir='ltr'><strong>veri</strong></span> <span class='ocrx_word' id='word_1_517' title='bbox 1286 3154 1359 3202; x_wconf 86' lang='lat' dir='ltr'><strong>seu</strong></span> <span class='ocrx_word' id='word_1_518' title='bbox 1398 3156 1521 3211; x_wconf 82' lang='lat' dir='ltr'><strong>fidei,</strong></span> <span class='ocrx_word' id='word_1_519' title='bbox 1557 3155 1799 3218; x_wconf 88' lang='lat' dir='ltr'><strong>agnoscant</strong></span> <span class='ocrx_word' id='word_1_520' title='bbox 1830 3156 2018 3218; x_wconf 81' lang='lat' dir='ltr'><strong>quidem</strong></span> <span class='ocrx_word' id='word_1_521' title='bbox 2044 3155 2083 3202; x_wconf 91' lang='lat' dir='ltr'><strong>se</strong></span> <span class='ocrx_word' id='word_1_522' title='bbox 2107 3154 2335 3201; x_wconf 83' lang='lat' dir='ltr'><strong>reformari</strong></span> <span class='ocrx_word' id='word_1_523' title='bbox 2359 3169 2387 3199; x_wconf 83' lang='lat' dir='ltr'><strong>a</strong></span> 
     </span>
    </p>
   </div>
   <div class='ocr_carea' id='block_1_5' title="bbox 392 3204 2390 3339">
    <p class='ocr_par' dir='ltr' id='par_1_5' title="bbox 392 3204 2390 3339">
     <span class='ocr_line' id='line_1_45' title="bbox 392 3204 2386 3331; baseline 0.004 -73"><span class='ocrx_word' id='word_1_524' title='bbox 392 3214 614 3273; x_wconf 71' lang='lat' dir='ltr'><strong>Domino,</strong></span> <span class='ocrx_word' id='word_1_525' title='bbox 653 3213 724 3262; x_wconf 88' lang='lat' dir='ltr'><strong>sed</strong></span> <span class='ocrx_word' id='word_1_526' title='bbox 751 3217 886 3281; x_wconf 82' lang='lat' dir='ltr'><strong>usque</strong></span> <span class='ocrx_word' id='word_1_527' title='bbox 910 3220 1052 3268; x_wconf 89' lang='lat' dir='ltr'><strong>velint</strong></span> <span class='ocrx_word' id='word_1_528' title='bbox 1072 3237 1099 3268; x_wconf 90' lang='lat' dir='ltr'><strong>a</strong></span> <span class='ocrx_word' id='word_1_529' title='bbox 1121 3221 1277 3279; x_wconf 90' lang='lat' dir='ltr'><strong>semet,</strong></span> <span class='ocrx_word' id='word_1_530' title='bbox 1314 3222 1442 3268; x_wconf 83' lang='lat' dir='ltr'><strong>causa</strong></span> <span class='ocrx_word' id='word_1_531' title='bbox 1476 3222 1556 3279; x_wconf 89' lang='lat' dir='ltr'><strong>est,</strong></span> <span class='ocrx_word' id='word_1_532' title='bbox 1593 3223 1699 3286; x_wconf 89' lang='lat' dir='ltr'><strong>quia</strong></span> <span class='ocrx_word' id='word_1_533' title='bbox 1735 3221 1874 3277; x_wconf 82' lang='lat' dir='ltr'><strong>nubes</strong></span> <span class='ocrx_word' id='word_1_534' title='bbox 1914 3221 2182 3285; x_wconf 64' lang='lat' dir='ltr'><strong>ignorantiae</strong></span> <span class='ocrx_word' id='word_1_535' title='bbox 2220 3204 2386 3331; x_wconf 43' lang='lat' dir='ltr'><strong>sucgesss</strong></span> 
     </span>
     <span class='ocr_line' id='line_1_46' title="bbox 1387 3289 2390 3339; baseline -0.006 -3"><span class='ocrx_word' id='word_1_536' title='bbox 1387 3289 1432 3336; x_wconf 91' lang='lat' dir='ltr'>O</span> <span class='ocrx_word' id='word_1_537' title='bbox 1472 3305 1498 3339; x_wconf 82' lang='lat'><strong>2</strong></span> <span class='ocrx_word' id='word_1_538' title='bbox 2309 3299 2390 3336; x_wconf 60' lang='lat' dir='ltr'><strong>ive</strong></span> 
     </span>
    </p>
   </div>
  </div>
 </body>
</html>
