2872 3730
487 243 839 310 CAPUT
889 238 1496 309 vloEerUM
1551 237 2067 327 QUINTUM.
2157 261 2294 324 239

291 374 527 432 estvitale,
562 374 694 438 quale
730 372 855 437 apud
887 371 1111 424 infante83
1147 380 1200 419 ut
1223 370 1374 432 itaque
1398 368 1598 418 naturale
1621 368 1676 417 fit
1697 366 1973 424 humanum,
2009 385 2066 416 ex
2090 381 2287 432 utroque

295 441 518 499 confistet,
553 441 786 505 perficitur
807 453 952 487 unum
986 435 1043 487 ab
1072 435 1231 492 altero,
1265 435 1339 481 sed
1374 434 1514 498 ipsam
1538 436 1682 483 vitam
1715 434 1849 482 habet
1883 451 1908 482 a
1931 434 2068 482 bono,
2139 435 2287 501 Qod

295 522 448 555 autem
475 509 564 555 hoc
594 507 771 554 bonum
794 503 1043 558 concernit,
1078 501 1141 551 de
1155 517 1250 565 quo
1279 501 1353 550 hic
1384 503 1555 563 agitur,
1590 500 1655 548 est
1687 500 1876 563 duplex,
1912 501 2097 548 interius
2128 502 2176 548 δι
2210 518 2288 549 ex-

296 577 450 631 terius,
486 574 671 630 interius
709 569 1020 618 communicat
1055 584 1164 616 cum
1201 568 1399 616 interiori
1438 567 1639 624 homine,
1687 567 1774 616 hoc
1811 567 1891 624 est,
1925 583 2033 614 cum
2067 568 2287 623 rationali,

295 642 489 688 exterius
526 653 636 686 cum
673 635 876 693 externo,
909 635 998 684 hoc
1021 634 1102 692 est,
1138 651 1248 683 curn
1270 635 1360 682 'rllis
1395 650 1502 697 quae
1541 633 1644 682 sunt
1677 636 1893 698 corporis,
1929 634 1979 680 ὅτ
2012 631 2119 681 facit
2141 635 2287 680 vitam

209 699 221 705 ’
294 706 486 754 sensibus
523 703 731 759 externis,
767 715 871 750 turn
910 717 1095 767 quoque
1130 701 1395 758 actionibuS‚
1431 700 1596 764 absque
1624 701 2040 749 communicatione
2061 701 2288 762 =utrinque

295 790 388 822 non
412 770 556 836 potest
579 769 722 817 homo
751 770 921 817 ratione
944 770 1113 825 vivere,
1154 784 1236 816 nec
1266 766 1412 833 potest
1434 783 1656 831 corpore;
1708 767 2068 816 communicatio
2104 767 2289 813 interior

294 839 374 895 est,
409 853 514 901 quae
536 847 688 883 manet
712 835 889 883 homini
911 834 1013 899 post
1037 847 1252 892 mortem,
1288 837 1337 882 δι
1370 834 1432 881 ibi
1457 833 1564 884 facit
1586 836 1730 882 vitam
1762 831 1856 896 ejus
1882 829 2146 885 naturalem,
2182 848 2286 878 narn

294 906 471 969 spiritus
510 903 647 956 etiam
670 903 813 950 vitam
838 902 1084 950 naturalem
1107 901 1256 958 habet,
1290 902 1384 949 vita
1414 902 1536 950 enim
1561 898 1656 962 ejus
1680 900 1916 963 spiritualis
1939 901 2205 947 terminatur
2239 900 2286 945 in

293 970 480 1018 naturali
509 981 558 1018 ut
593 971 640 1016 in
662 968 799 1032 plano
821 969 1004 1025 ultimo,
1040 984 1146 1029 nam
1186 983 1279 1016 non
1302 966 1449 1032 potest
1483 967 1626 1014 homo
1658 966 1811 1014 statim
1845 965 1945 1030 post
1969 979 2165 1014 mortem
2197 964 2286 1028 spi-

293 1036 508 1084 ritualiter
529 1037 744 1098 cogitare,
778 1036 857 1083 nisi
892 1053 951 1084 ex
984 1035 1071 1083 illis
1103 1050 1210 1098 quae
1249 1033 1352 1082 sunt
1374 1034 1605 1082 Naturalis
1643 1031 1774 1097 ejus,
1815 1033 2172 1081 communicatio
2206 1048 2285 1080 au-

293 1117 387 1150 tem
410 1104 602 1150 exterior
623 1101 703 1158 est,
738 1119 844 1165 quae
866 1102 929 1150 est
952 1101 1127 1149 homini
1161 1117 1271 1148 cum
1295 1102 1413 1148 vivit
1444 1100 1491 1147 in
1515 1115 1720 1163 corpore,
1757 1098 1830 1146 sed
1853 1115 1903 1146 ea
1931 1099 2061 1146 ceffat
2082 1115 2162 1162 per
2185 1114 2284 1145 cor-

292 1171 416 1233 poris
446 1182 668 1216 mortem:
713 1184 770 1215 cx
793 1169 861 1216 his
885 1184 1006 1215 nunc
1039 1166 1238 1215 constare
1271 1167 1433 1230 potest,
1466 1166 1580 1230 quid
1610 1181 1690 1228 per
1724 1166 1833 1212 duas
1873 1178 2030 1229 gentes
2069 1166 2115 1211 in
2155 1177 2288 1212 utero

291 1235 602 1299 significatur,
622 1250 786 1297 nempe
821 1234 1038 1282 Naturale
1075 1233 1228 1297 quoad
1268 1233 1442 1280 bonum
1474 1233 1658 1280 interius
1699 1232 1749 1287 δε
1785 1233 1990 1279 exterius.
2062 1231 2113 1278 In
2136 1243 2284 1288 utero,

293 1302 515 1365 fignificat
555 1302 603 1348 in
640 1298 764 1348 sensu
804 1301 982 1349 interno
1016 1300 1379 1363 conceptionem,
1425 1298 1528 1347 ideo
1567 1299 1641 1347 hic
1681 1298 1865 1355 dicitur,
1912 1296 2040 1363 quod
2078 1297 2132 1345 fit
2171 1314 2284 1346 con-

291 1381 456 1431 ceptio.
1597 1414 1603 1420 ,

365 1451 506 1498 3294.
544 1433 609 1481 Et
631 1433 726 1481 duo
748 1433 908 1498 populi
938 1448 964 1480 e
986 1431 1226 1480 visceribus
1256 1432 1345 1480 tuis
1376 1431 1709 1496 separabuntur,
1744 1430 1872 1495 quod
1906 1430 2128 1495 significet
2158 1431 2288 1495 quod

296 1501 400 1547 inde
418 1503 596 1556 verum,
621 1499 795 1563 constat
815 1516 872 1546 ex
895 1499 1217 1562 significatione
1240 1498 1415 1562 populi,
1438 1500 1565 1561 quod
1589 1499 1642 1546 s1t
1663 1514 1842 1554 verum,
1867 1497 1923 1544 de
1945 1513 2034 1561 qua
2057 1514 2087 1545 n
2107 1516 2118 1546 :
2145 1515 2284 1563 1259.

304 1568 462 1621 1260;
515 1568 564 1612 δε
604 1581 661 1612 ex
694 1565 1023 1627 'fignificationc
1062 1564 1248 1627 separari
1296 1580 1322 1611 e
1353 1563 1611 1619 visceribus,
1653 1564 1779 1626 quod
1820 1564 1875 1610 s1t
1910 1565 2016 1611 oriri
2056 1564 2192 1612 inde:
2240 1568 2287 1611 in

247 1659 249 1661 ν
295 1632 452 1679 Verbo
490 1631 568 1677 ubi
606 1632 758 1694 agitur
796 1630 853 1677 de
890 1630 1137 1686 nativitate,
1174 1645 1283 1677 cum
1312 1645 1338 1676 a
1375 1642 1536 1687 matre,
1572 1630 1749 1676 dicitur‘
1773 1630 1910 1686 exire,
1957 1645 2014 1676 ex
2046 1642 2175 1678 utero
2211 1629 2287 1679 seu

297 1712 468 1754 ventre,
506 1699 555 1744 ὅτ
580 1712 768 1743 ςυηιτκ
790 1707 932 1759 patre,
968 1695 1138 1743 dicitur
1160 1694 1346 1759 separari
1374 1712 1399 1742 e
1422 1695 1699 1751 visceribus;
1738 1711 1844 1742 nam
1881 1707 2032 1743 uterus
2064 1697 2114 1744 δε
2138 1696 2304 1746 lumbi⁴

297 1765 602 1829 praedicantur
625 1763 683 1809 de
706 1762 790 1810 illis
813 1761 1046 1826 quaesunt
1067 1764 1250 1820 amoriS,
1286 1762 1373 1811 hoc
1396 1761 1476 1819 est,
1514 1762 1638 1819 boni,
1674 1777 1782 1809 cum
1806 1773 1956 1810 autem
1981 1761 2148 1810 dicitur
2169 1761 2289 1826 sepa-

299 1832 382 1878 rari
414 1847 469 1878 ex
492 1829 752 1886 visceribus,
787 1829 1062 1891 fignificatur
1082 1841 1210 1878 ortus
1230 1831 1362 1884 veri3
1402 1829 1507 1877 ideo
1538 1829 1612 1877 hic
1645 1845 1754 1876 curn
1791 1829 1940 1892 agitur
1962 1828 2020 1876 de
2043 1828 2183 1886 bono,
2219 1829 2293 1876 di·-

255 1938 261 1946 ,,
300 1899 419 1943 citur
440 1895 567 1960 quod
588 1895 695 1942 duae
717 1904 872 1958 gentes
895 1911 951 1941 ex
974 1907 1104 1942 utero
1123 1908 1223 1953 tuo,
1258 1898 1308 1945 δε
1334 1911 1441 1943 cum
1475 1895 1531 1944 de
1553 1911 1681 1953 vero,
1717 1896 1903 1951 dicitur,
1939 1894 2035 1943 duo
2068 1895 2231 1960 populi
2264 1912 2294 1944 e

300 1962 541 2009 visceribus
577 1963 667 2008 tuis
706 1959 1039 2023 separabuntur,
1072 1961 1123 2008 &
1158 1977 1239 2025 per
1272 1961 1374 2010 haec
1411 1962 1690 2026 significatur
1720 1963 1766 2010 in
1799 1961 1926 2009 sensu
1966 1962 2142 2010 interno
2164 1973 2295 2011 ortus

301 2030 396 2075 veri
428 2044 483 2075 ex
508 2027 659 2075 bono:
701 2026 795 2073 duo
817 2027 979 2090 populi
1002 2027 1232 2084 dicuntur,
1267 2030 1373 2091 quia
1410 2029 1524 2076 ficut
1559 2029 1733 2077 bonum
1766 2028 1829 2076 est
1865 2029 2048 2076 interius
2082 2030 2132 2076 &
2167 2042 2288 2077 exte-

302 2096 411 2150 rius,
448 2111 507 2141 n:
531 2111 675 2158 2393,
711 2093 772 2139 ita
804 2094 939 2139 etiam
971 2091 1035 2140 est
1057 2108 1250 2149 verum,
1284 2109 1449 2141 verum
1482 2096 1666 2143 interius
1691 2097 1738 2143 in
1763 2095 1951 2143 naturali
1972 2095 2036 2142 est
2060 2095 2125 2152 id,
2161 2096 2292 2159 quod

302 2158 598 2224 conjungitur
620 2159 742 2206 bono
765 2159 964 2206 interiori
1000 2159 1228 2215 naturalis,
1266 2171 1312 2206 at
1333 2175 1496 2206 verum
1533 2162 1728 2208 exterius
1759 2161 1823 2208 est
1857 2162 1906 2208 id
1936 2162 2063 2225 quod
2100 2161 2293 2225 conjun-

303 2228 428 2289 gitur
452 2227 573 2273 bono
596 2226 804 2272 exteriori
826 2224 1032 2272 naturalis
1052 2247 1067 2280 3
1106 2226 1291 2272 interius
1313 2240 1476 2273 verum
1496 2237 1684 2273 vocatur
1716 2227 1912 2274 naturale
1933 2243 2114 2284 verum,
2147 2241 2192 2276 at
2215 2245 2294 2275 ex·

302 2293 442 2339 terius
464 2305 652 2339 vocatur
674 2290 893 2339 sensuale:
941 2291 1181 2355 quomodo
1211 2304 1365 2340 autem
1391 2308 1499 2338 cum
1524 2291 1592 2339 his
1624 2293 1743 2339 veris
1777 2291 1818 2339 se
1842 2292 1991 2350 habet,
2026 2309 2084 2342 ex
2107 2292 2293 2356 sequen-

250 2388 253 2392 ·
303 2358 440 2414 tibus,
476 2373 531 2404 ex
566 2358 737 2403 Divina
758 2358 952 2404 Domini
977 2357 1306 2415 Misericordia,
1342 2357 1580 2415 constabit,
1616 2358 1696 2405 ubi
1716 2359 1866 2422 agitur
1889 2359 1945 2405 de
1968 2358 2162 2421 Jacobo,
2187 2376 2294 2408 narn

303 2441 384 2488 per
407 2423 635 2485 Jacobum
658 2436 906 2487 utrumque
930 2423 1044 2471 illud
1067 2439 1227 2471 verum
1252 2423 1603 2500 repraesentatur.
1652 2489 1661 2499 ⁸
2012 2490 2022 2501 .

302 2508 400 2605 eri?
408 2491 626 2619 ²325&ssss
639 2489 1748 2619 Pc‘l'ffssssuiffirfffmpssfifuffc‘ssfflfssf’aqfiugssfisssisskfiss
1752 2488 1941 2620 {23531‘2
1956 2506 2107 2620 ¹352}
2129 2507 2296 2606 {22¹2

302 2638 425 2679 rum,
466 2623 525 2670 de
546 2638 638 2686 qua
670 2638 791 2669 nunc
815 2621 944 2685 supra
975 2638 1005 2669 n
1024 2639 1036 2670 ε
1057 2639 1216 2687 3291;
1257 2623 1308 2670 &
1339 2638 1397 2669 ex
1428 2622 1751 2685 significatione
1771 2623 1917 2670 valere
1940 2639 2056 2686 prae,
2092 2625 2219 2687 quod
2243 2626 2297 2674 fit

305 2689 504 2752 superius
537 2689 651 2736 effe:
698 2689 902 2752 Populus
926 2690 1079 2752 primo
1111 2690 1215 2737 loco
1250 2690 1510 2736 nominatus
1543 2688 1768 2752 fignificat
1796 2704 1980 2747 verum,
2019 2702 2063 2737 at
2097 2692 2299 2755 populus

307 2754 503 2802 seeundo
526 2755 630 2803 loco
654 2754 827 2802 bonum
853 2758 980 2811 veri;
1022 2754 1196 2803 bonurn
1221 2758 1316 2803 veri
1350 2754 1413 2802 est
1436 2755 1609 2803 bonum
1645 2755 1772 2818 quod
1795 2754 1944 2803 existit
1976 2772 2033 2804 ex
2053 2771 2178 2814 vero,
2213 2758 2298 2806 est-

271 2856 277 2859 >
306 2836 395 2884 que
429 2822 475 2868 in
498 2821 571 2869 sua
595 2823 740 2885 prima
771 2821 1002 2869 existentia
1023 2837 1202 2879 verum,
1238 2821 1313 2869 sed
1334 2834 1525 2869 vocatur
1547 2822 1740 2878 bonurn,
1775 2823 1882 2885 quia
1913 2835 2094 2887 apparet
2130 2836 2182 2871 ut
2215 2824 2312 2872 bo-›

305 2903 453 2943 num3
500 2888 605 2936 inde
643 2887 722 2945 est,
759 2888 885 2951 quod
925 2904 1006 2952 per
1043 2889 1271 2952 populum
1310 2889 1444 2936 etiam
1483 2888 1763 2952 fignificetur
1800 2888 1888 2936 hoc
1925 2890 2120 2946 bonum,
2169 2891 2298 2954 quod

305 2953 473 3000 dicitur
511 2954 686 3002 bonum
725 2956 819 3001 veri
859 2956 1013 3018 primo
1055 2955 1272 3003 existens:
1327 2967 1381 3002 ut
1428 2954 1578 3019 aliqua
1613 2955 1716 3002 idea
1751 2952 1885 3019 hujus
1924 2955 2034 3003 boni
2068 2955 2301 3014 habeatur,

300 3017 553 3077 sciendum,
587 3020 716 3084 quod
750 3020 893 3068 homo
932 3034 1172 3085 antequam
1210 3034 1492 3085 regeneratus
1528 3020 1610 3078 est,
1645 3019 1781 3069 faciat
1817 3021 1991 3070 bonum
2015 3037 2072 3070 ex
2093 3038 2220 3080 vero,
2255 3035 2303 3072 at

303 3084 547 3149 postquam
586 3087 868 3150 regeneratus
903 3087 984 3145 est,
1018 3086 1152 3136 faciat
1191 3088 1367 3136 bonum
1406 3103 1463 3135 ex
1498 3087 1639 3144 bono,
1674 3087 1750 3135 vel
1789 3087 1968 3145 clarius,
2004 3090 2146 3136 homo
2178 3102 2301 3136 ante·-

305 3166 445 3212 quam
470 3166 750 3213 regeneratus
773 3153 855 3210 est,
889 3170 946 3201 ex
966 3155 1194 3202 intellectu
1224 3152 1354 3202 faciat
1385 3154 1580 3211 bonum,
1615 3153 1690 3202 sed
1725 3153 1966 3218 postquam
2001 3167 2306 3218 regeneratus,

305 3232 364 3266 ex
389 3217 653 3276 voluntate,
688 3217 862 3268 bonum
899 3221 1048 3285 itaque
1077 3221 1214 3287 -quod
1254 3237 1310 3270 ex
1342 3220 1588 3280 intellectu,
1625 3236 1718 3270 non
1754 3219 1818 3270 est
1857 3222 1904 3268 in
1937 3218 1978 3274 se
2002 3221 2194 3282 bonum,
2229 3219 2305 3266 sed

2120 3301 2303 3343 verum,
