2872 3730
437 198 601 279 '166
940 211 1044 281 >G
1133 212 1368 280 E³N
1453 210 1658 279 EfJS
1726 211 1792 278 JI
1880 212 2113 278 Ss'sss

473 337 623 401 quoad
643 335 845 393 ¹bonum,
880 334 937 382 de
955 350 1050 398 qua
1073 334 1201 399 supra
1237 350 1296 382 n:
1320 349 1483 398 3¹04'»
1514 332 1628 381 inde
1651 345 1790 398 patet,
1824 334 1950 397 quod
1975 333 2134 382 decem
2169 335 2263 383 auri
2287 332 2484 400 ponssus.

478 403 703 467 significet
749 401 936 466 plenum
975 401 1183 448 aestimati
1227 399 1394 448 statum
1433 400 1585 464 quoad
1623 399 1831 448 bonum:
1892 400 2020 464 quod
2060 401 2118 450 ad
2157 401 2471 464 initiationem,

474 469 649 517 >constat
673 486 699 516 a
721 469 906 532 singulis
930 469 977 515 in
1001 468 1087 516 hoc
1110 467 1288 530 Capite,
1329 467 1376 514 in
1399 482 1494 531 quo
1516 466 1572 515 de
1606 467 1853 514 initiatione
1882 468 2049 531 agitur,
2084 467 2159 517 seu
2193 467 2250 516 de
2282 469 2471 536 despon-

480 537 659 583 satione.
2012 535 2013 538 ’

553 606 695 666 3108.
733 600 908 665 Agitur
941 602 988 648 in
1011 599 1126 647 binis
1149 595 1218 646 h'is
1239 599 1452 647 Versibus
1485 599 1544 646 de
1573 598 1822 647 initiatione
1846 598 1952 647 veri
1969 600 2014 647 in
2039 598 2230 660 bonum,
2268 601 2342 650 sed
2362 620 2471 668 qua-

480 669 535 717 lis
557 670 656 715 haec
680 668 870 715 initiatio
892 667 962 724 fit,
998 682 1088 714 non
1114 664 1240 712 facile
1272 666 1393 714 cadit
1427 666 1473 713 in
1497 666 1644 713 ideam
1669 667 1957 729 cogitationis
1991 667 2114 730 apud
2138 668 2355 732 aliquem,
2390 673 2471 734 qui

481 734 626 782 modo
656 732 895 781 illustratus
917 732 981 779 est
1004 749 1030 779 a
1050 731 1214 779 talibus
1236 747 1341 796 quae
1365 730 1467 780 sunt
1489 731 1602 779 lucis
1625 732 1804 789 mundi,
1845 732 1926 786 nisi
1950 732 2082 781 fimul
2114 750 2142 781 a
2172 735 2334 783 talibus
2360 733 2470 800 quae

481 808 585 849 1unt
622 800 732 847 lucis
757 799 882 855 coeli,
921 815 980 846 ex
1005 815 1095 862 qua
1130 798 1204 845 illa
1225 814 1333 862 quae
1355 796 1457 846 sunt
1489 797 1604 846 lucis
1635 798 1797 847 mundi
1835 798 2142 856 illustrentur·‚
2182 803 2262 866 qui
2293 818 2385 850 non
2423 804 2470 851 in

481 867 605 915 bono
626 865 727 913 sunt
751 868 800 913 δε
824 865 929 912 inde
953 866 999 911 in
1021 865 1128 921 fide,
1170 881 1261 913 non
1291 865 1394 912 alias
1422 863 1542 913 ideas
1563 863 1848 927 cogitationis
1883 864 2047 913 habent
2079 883 2218 931 quarn
2240 884 2348 932 quae
2376 867 2470 917 for-

492 945 631 981 matae
657 931 765 979 sunt·
784 931 839 978 ab
862 929 1046 995 objectis
1069 930 1183 978 lucis
1208 931 1370 978 mundi
1390 953 1406 988 ·,
1444 930 1475 977 ii
1507 946 1589 978 nec
1613 930 1757 978 sciunt
1788 931 1915 995 quod
1938 930 2160 996 spirituale
2180 933 2261 991 est,
2295 951 2351 983 ne
2371 937 2473 999 qui·

480 999 591 1048 dem
615 998 724 1063 quid
752 996 961 1058 rationale
983 998 1028 1045 in
1054 999 1255 1061 genuino
1278 996 1416 1055 sensu,
1441 997 1515 1046 sed
1541 996 1684 1045 modo
1705 997 1918 1054 naturale,
1954 1000 2027 1045 cui
2053 998 2259 1051 tribuunt
2280 1003 2469 1059 omnia5

481 1081 588 1129 quae
621 1066 754 1111 etiam
791 1062 918 1110 causa
951 1062 1031 1119 est,
1069 1062 1198 1126 quod
1238 1061 1337 1110 haec
1360 1079 1466 1127 quae
1499 1065 1548 1110 in
1579 1061 1703 1110 sensu
1733 1064 1909 1111 interno
1931 1063 1988 1112 de
2011 1063 2260 1115 initiatione
2289 1067 2384 1116 veri
2424 1070 2472 1116 in

482 1131 675 1186 bonum,
711 1129 940 1185 dicuntur,
977 1130 1029 1175 iis
1054 1129 1296 1175 remotiora
1318 1124 1420 1186 sint,
1455 1144 1595 1193 quam
1618 1140 1672 1175 ut
1705 1141 1944 1192 appareant
1983 1131 2111 1195 quod
2145 1131 2231 1195 sint
2264 1133 2471 1197 aliquid,

476 1213 588 1245 cum
613 1209 761 1244 tamen
785 1194 859 1242 illa
881 1194 982 1242 sunt
1005 1194 1057 1241 iis
1077 1194 1158 1258 qui
1181 1195 1229 1240 in
1251 1192 1352 1240 luce
1372 1193 1500 1250 coeli,
1534 1197 1652 1243 inter
1673 1193 1873 1258 pretiosa.
1944 1195 2012 1243 Ita
2035 1193 2077 1242 se
2099 1196 2233 1245 habet
2251 1214 2363 1246 cum
2383 1200 2470 1247 ini-

479 1264 664 1311 tiatione
690 1262 782 1308 veri
817 1262 863 1308 in
903 1260 1096 1317 bonum,
1134 1259 1262 1324 quod
1301 1271 1544 1324 antequam
1583 1275 1746 1308 verum
1785 1259 2014 1308 initiatum
2050 1259 2115 1309 est
2146 1277 2200 1311 ac
2238 1263 2322 1312 rite
2359 1280 2471 1319 con-¹

468 1326 706 1392 junctum,
741 1327 795 1375 fit
833 1326 1020 1391 quidem
1059 1325 1182 1391 apud
1206 1325 1458 1382 hominem,
1492 1324 1567 1374 sed
1605 1342 1700 1374 non
1735 1323 1906 1375 facturn
1945 1325 2060 1375 ficut
2089 1324 2204 1392 ej'uS,
2242 1341 2321 1378 aut
2357 1324 2472 1382 ficut

476 1395 748 1461 proprium3
790 1406 843 1440 ut
865 1395 1071 1458 primum
1095 1404 1248 1441 autem
1269 1392 1469 1441 initiatur
1488 1389 1585 1457 ejus
1607 1391 1748 1450 bono,
1782 1404 1893 1443 tunc
1916 1397 2234 1461 appropriatur
2251 1397 2324 1454 ei;
2364 1394 2470 1458 ev'a'ss

477 1460 614 1510 nescit
647 1473 756 1508 tunc
790 1477 815 1508 e
847 1461 1066 1508 memoria
1095 1457 1192 1525 ejus
1214 1471 1412 1517 externa,
1432 1459 1497 1507 ⁴&
1533 1458 1687 1508 transit
1719 1460 1765 1508 in
1800 1460 2042 1517 internam,
2080 1459 2154 1509 seu
2177 1462 2306 1528 quod
2326 1462 2468 1522 idem,

473 1526 694 1575 evanescit
723 1527 771 1574 in
805 1526 992 1574 naturali
1028 1525 1102 1573 seu
1125 1539 1312 1574 externo
1332 1524 1537 1582 homine,
1575 1525 1626 1575 δε
1650 1525 1802 1574 tranfit
1827 1525 1885 1572 in
1921 1526 2183 1588 rationalem
2223 1527 2298 1577 seu
2330 1531 2469 1580 inter-

474 1609 606 1650 num,
643 1595 690 1640 &
717 1592 865 1640 induit
887 1591 1033 1656 ipsum
1055 1608 1108 1640 ac
1130 1589 1241 1640 facit
1264 1591 1517 1639 humanum
1540 1588 1655 1656 ejus,
1695 1587 1784 1640 h'oc
1805 1588 1888 1650 est,
1943 1591 2060 1640 'uale
2078 1589 2175 1657 ejus
2205 1594 2361 1659 quoad
2381 1594 2468 1644 hu—
2488 1648 2490 1651 ,

475 1675 691 1714 manuum
734 1659 796 1705 ita
826 1657 1023 1706 sehabet
1057 1674 1166 1706 cum
1187 1658 1316 1705 omni
1337 1672 1447 1704 vero
1479 1656 1606 1721 quod
1635 1653 1930 1722 conjungitur
1983 1673 2074 1707 ono
2095 1657 2224 1723 ejus;
2264 1659 2468 1711 fimiliter

473 1727 613 1773 etiam
653 1724 693 1772 se
718 1724 848 1771 habet
870 1740 987 1771 cum.
1001 1719 1112 1771 falso
1139 1722 1269 1788 quod
1301 1720 1599 1787 conjungitur
1621 1722 1759 1779 malo,
1803 1722 1932 1786 quod
1966 1737 2101 1772 vocat
2137 1725 2343 1784 bonum3
2390 1726 2465 1778 sed

475 1791 730 1839 differentia
752 1789 831 1847 est,
866 1790 995 1855 quod
1027 1788 1142 1837 illud
1179 1789 1346 1855 aperiat
1363 1789 1605 1855 rationale,
1644 1789 1696 1837 ac
1727 1789 1788 1837 fic
1826 1787 1958 1838 faciat
1994 1788 2234 1851 hominem
2271 1795 2465 1842 rationa-

471 1857 599 1914 lem3
635 1856 721 1904 hoc
748 1854 902 1903 'autem
937 1856 1115 1904 claudat
1146 1855 1377 1913 rationale,
1416 1856 1467 1903 &
1501 1851 1634 1902 faciat
1661 1853 1897 1921 hominem
1930 1856 2248 1916 irrationalem,
2288 1858 2463 1909 tametli

470 1924 680 1971 videatur
700 1923 797 1980 fibi,
840 1925 886 1971 in
912 1921 1102 1970 tenebris
1125 1923 1173 1970 in
1191 1921 1359 1986 quibus
1382 1933 1492 1969 tunc
1514 1920 1594 1978 est,
1635 1921 1764 1984 quod
1785 1920 1915 1985 supra
1943 1921 2054 1971 alios
2077 1924 2300 1972 rationalis
2323 1922 2392 1975 fitss
2448 1922 2454 1927 ’

539 2007 682 2055 3109.
721 1988 859 2037 Vers:
889 2007 913 2038 2
921 2006 964 2054 3.
992 2006 1070 2050 24.
1091 2006 1114 2038 2
1125 2004 1168 2052 5.
1204 1990 1269 2038 Et
1290 1987 1420 2045 dixit,
1441 1987 1545 2047 filia
1578 1988 1696 2052 ctfjus
1729 1997 1796 2044 tu,
1829 1987 1972 2035 indica
1981 1989 2137 2102 ffuaeso
2160 1990 2284 2048 mihi,
2317 2008 2377 2039 an
2407 1993 2463 2053 est

468 2056 586 2116 domo
609 2057 756 2118 patris
789 2057 856 2102 tui
876 2055 987 2103 locus
1009 2056 1125 2104 nobis
1156 2055 1218 2103 ad
1235 2053 1580 2118 pernob't‘andum.
1650 2053 1716 2102 Et
1738 2053 1852 2102 dixit
1886 2054 1947 2102 ad
1964 2056 1982 2101 i
2012 2071 2099 2113 um,
2120 2053 2223 2115 filia
2245 2058 2465 2110 Bethuelis

469 2139 564 2187 ego,
593 2121 688 2181 filii
719 2120 936 2178 Milckae,
961 2138 1078 2187 quem
1102 2123 1252 2183 genuit
1285 2119 1498 2186 Nachqri.
1536 2168 1537 2171 ,
1570 2121 1634 2168 Et
1674 2118 1788 2167 dixit
1824 2120 1886 2168 ad
1912 2119 2048 2179 illum,
2100 2124 2229 2171 etiam
2249 2123 2460 2188 stramen,

467 2193 597 2236 etiam
623 2188 828 2250 pabulum
851 2187 1026 2236 multum
1050 2188 1276 2251 nobiscum,
1311 2189 1440 2234 etiam
1461 2185 1575 2234 locus
1596 2185 1659 2234 ad
1668 2185 2013 2248 pernoHandum.
2081 2188 2233 2250 Dixit,
2267 2189 2360 2239 filia
2381 2207 2461 2240 cu·

457 2253 536 2318 jus
561 2251 627 2310 tu,
654 2254 874 2317 fignificat
897 2253 1251 2318 explorationem
1267 2253 1533 2302 ¹ulteriorem
1557 2253 1614 2301 de
1636 2252 1920 2301 innocentia:
1963 2253 2116 2301 indica
2137 2251 2292 2319 quaeso
2325 2254 2458 2319 mihi,

466 2338 520 2368 an
545 2320 607 2367 est
630 2319 773 2367 domo
797 2322 933 2383 patris
958 2322 1027 2368 tui
1051 2321 1175 2368 locus
1198 2318 1329 2367 nobis
1364 2319 1422 2367 ad
1443 2317 1821 2384 pernoctandum,
1859 2318 2080 2382 fignificat
2101 2321 2458 2386 explorationem
2488 2348 2491 2350 ·

463 2386 523 2434 (le
558 2385 679 2433 bono
700 2385 923 2434 charitatis
944 2404 955 2434 τ
997 2386 1062 2434 Et
1084 2386 1199 2433 dixit
1222 2386 1278 2434 ad
1303 2386 1452 2443 illum,
1478 2385 1570 2434 filia
1594 2382 1820 2432 Bethuelis
1843 2401 1948 2448 eg0‚
1972 2385 2054 2434 filii
2078 2386 2294 2446 Milckae,
2318 2405 2458 2455 quem

464 2452 622 2528 genuit
642 2452 864 2514 Nachori,
898 2451 1136 2516 fignificat,
1170 2452 1244 2501 hic
1278 2464 1330 2501 ut
1350 2454 1494 2517 prius,
1529 2467 1717 2500 omnem
1740 2451 1966 2515 originem
1987 2449 2113 2516 ejus:
2160 2453 2227 2503 Et
2249 2454 2367 2503 dixit
2399 2452 2458 2508 ad

468 2518 617 2574 illum,
665 2518 884 2580 fignificat
923 2521 1294 2581 perceptionem:
1352 2516 1508 2566 etiam'
1529 2517 1739 2573 stramen,
1782 2517 2002 2583 fignificat
2039 2533 2144 2564 vera
2183 2518 2454 2580 scientifica:=

464 2584 599 2637 etiam
635 2583 855 2647 pabulum
897 2582 1099 2647 multum
1140 2581 1394 2646 nobiscum,
1429 2582 1650 2646 fignificat
1683 2581 1800 2629 bona
1831 2596 2022 2630 eorum:
2060 2584 2198 2630 etiam
2215 2584 2359 2634 ‚locus
2394 2588 2454 2636 acl

464 2648 840 2712 pernoctandum,
876 2647 1099 2710 significat
1121 2646 1300 2695 statum.
1975 2647 2001 2665 ⁵
2060 2701 2076 2711 ,.
2192 2695 2194 2697 .

534 2730 678 2779 3110.
711 2714 859 2770 Dixit,
895 2713 986 2760 filia
1024 2710 1152 2776 cujus
1181 2725 1251 2771 tu,
1285 2712 1412 2776 quod
1451 2710 1674 2783 fignificet
1702 2712 2061 2777 explorationem
2099 2714 2360 2766 ulteriorem
2393 2718 2452 2769 de

464 2781 736 2836 innocentia,
772 2777 942 2826 constat
965 2793 1021 2825 ex
1043 2779 1406 2841 interrogatione,
1430 2792 1564 2839 cujus
1585 2777 1694 2835 filia,
1715 2778 1843 2842 quod
1865 2778 1919 2826 sit
1939 2779 2204 2843 exploratio,
2228 2782 2302 2831 hic
2324 2787 2451 2848 quod

461 2847 662 2904 ulterior,
699 2857 820 2910 patet
843 2843 898 2891 ab
920 2844 1006 2891 illis
1027 2859 1134 2908 quae
1157 2846 1283 2907 prius
1304 2860 1336 2892 n
1355 2861 1367 2891 ε
1387 2846 1513 2907 3088
1540 2843 1588 2890 δι
1606 2861 1731 2907 3101
1758 2866 1772 2900 3
1809 2844 1936 2908 quod
1959 2845 2024 2911 de.
2041 2847 2450 2924 innocentia-,Neon-

462 2909 544 2960 ssat
583 2929 638 2959 ex
677 2910 998 2975 significatione
1035 2909 1217 2974 puellae,
1263 2909 1390 2974 quod
1428 2907 1482 2956 fit
1523 2907 1702 2958 affectio
1740 2912 1787 2958 in
1823 2926 1914 2974 qua
1951 2911 2221 2970 innocentia,
2265 2915 2321 2964 de
2360 2934 2451 2981 qua

462 2996 490 3025 n
511 2998 522 3026 ε
546 2980 689 3042 3067,
725 2979 798 3025 hic
821 2976 1010 3041 quidem
1024 2992 1126 3024 non
1155 2976 1306 3041 puella
1328 2976 1617 3035 nominatur,
1640 2975 1714 3024 sed
1746 2977 1853 3042 quia
1880 2976 2012 3040 supra
2034 2978 2172 3027 Vers:
2197 2997 2255 3042 14
2288 2983 2338 3029 &
2369 2987 2444 3041 16,

460 3046 668 3093 Rebecca
692 3056 879 3091 vocatur
903 3042 1066 3106 puella,
1103 3044 1152 3090 &
1185 3043 1243 3090 ad
1267 3041 1392 3090 illam
1414 3041 1489 3089 hic
1511 3041 1820 3106 interrogatio,
1854 3058 1949 3091 non
1984 3043 2107 3092 aliud
2131 3061 2271 3110 quam
2286 3051 2447 3112 'puella

459 3106 538 3175 per
562 3113 641 3159 Tu
665 3111 737 3158 hic
762 3109 1049 3174 significatur.
1121 3108 1267 3171 Quod
1307 3107 1449 3173 ipsam
1484 3124 1582 3155 rem
1613 3112 1986 3174 attinet‚ſjnempe
2022 3111 2149 3174 quod
2173 3128 2334 3162 verum
2365 3132 2444 3164 ex-

454 3177 682 3244 ploratum
717 3176 786 3236 fit,
823 3191 913 3240 qua
934 3177 1206 3242 ‘innocentia
1239 3175 1360 3235 effer,
1396 3176 1445 3223 &
1470 3189 1582 3224 mox
1608 3190 1793 3242 quoque
1825 3191 1916 3241 qua
1940 3175 2165 3237 charitate,
2199 3192 2442 3244 antequam

2213 3259 2441 3298 initiatum
