2872 3730
476 304 623 373 127‘0‘
891 290 915 343 1
971 283 1063 350 G
1140 285 1203 349 E
1294 284 1379 348 N
1462 283 1524 347 E
1615 280 1799 349 S··I
1887 260 1998 350 S.²

469 440 525 471 ex
552 424 692 478 bono,
728 421 776 468 id
799 419 960 467 verum
982 418 1108 481 quod
1134 433 1226 466 non
1258 419 1360 467 inde
1386 434 1477 467 non
1500 416 1564 465 est
1586 433 1764 476 verum,
1800 435 1961 467 verum
1984 419 2107 467 enim
2139 434 2230 467 non
2260 422 2382 472 aliud
2407 424 2469 472 est

474 506 610 553 quam
645 488 794 535 forma
824 486 949 542 boni,
985 501 1044 533 n:
1076 502 1221 550 3049,
1251 503 1345 534 non
1382 485 1560 532 aliunde
1583 483 1645 532 est
1680 487 1885 534 nativitas
1918 485 2032 549 ejus,
2069 502 2149 535 nec
2186 488 2470 540 aliundeest

479 559 574 604 vita
609 554 717 619 ejus.
772 560 777 577 ·'
1023 554 1026 556 ’
1086 556 1089 577 ³
1423 555 1439 558 ⁰
1491 554 1497 558 ”

551 631 689 688 3122.
727 622 946 668 Praeterea
970 620 1030 665 ita
1051 617 1092 664 se
1115 617 1245 665 habet
1278 633 1387 664 cum
1411 619 1599 665 veritate
1622 617 1722 675 hac,
1757 635 1836 682 per
1868 634 2009 683 quam
2050 619 2330 682 fignificatur
2368 623 2471 672 cha-

479 691 611 746 ritas,
654 688 779 751 quod
805 686 1118 748 Antiquissimi
1153 685 1233 747 qui
1272 682 1455 731 fuerunt
1485 684 1705 740 coelesteS,
1741 702 1820 749 per
1854 685 2202 734 misericordiam
2234 688 2283 735 &
2309 691 2473 737 verita-

483 769 578 803 tem
614 770 720 819 quae
760 770 784 800 a
817 753 1041 807 Domino,
1096 767 1186 797 non
1223 749 1342 796 aliud
1382 750 1696 807 intellexerint,
1745 767 1884 814 quam
1925 753 2229 816 receptionem
2269 756 2495 805 influxus*

484 822 648 869 amoris
683 823 728 868 in
752 820 1011 866 Dominum
1046 818 1095 864 &
1120 818 1223 863 inde
1246 816 1470 863 charitatis
1493 832 1598 879 erga
1621 818 1921 880 proximum;
1960 831 2005 866 at
2039 816 2229 882 antiqui,
2264 822 2344 884 qui
2374 820 2474 869 fue-

483 901 590 935 runt
612 886 872 951 spirituales,
909 899 986 948 per
1013 882 1360 930 misericordiam
1385 884 1434 930 &
1459 885 1692 930 veritatem
1717 899 1743 931 a
1764 884 1972 931 Domino
2004 885 2128 947 apud
2151 883 2209 942 se,
2245 886 2474 937 intellexe-

484 967 591 1001 runt
615 953 874 1001 charitatem
896 954 945 997 ’δι
973 949 1112 996 fidem
1133 971 1145 1004 3
1188 949 1312 996 causa
1343 948 1422 1006 est,
1457 950 1564 1013 quia
1585 949 1784 997 coelestes
1810 948 2028 1013 nusquam
2051 951 2108 998 de
2132 951 2219 999 illis
2240 969 2347 1016 quae
2371 953 2473 1004 sunt

486 1022 591 1067 fidei
616 1019 687 1066 seu
711 1020 806 1065 veri
829 1017 1107 1079 cogitarunt,
1140 1015 1213 1063 sed
1238 1016 1296 1062 de
1333 1015 1421 1062 illis
1453 1031 1560 1079 quze
1596 1016 1697 1063 sunt
1730 1017 1997 1064 amoris-seu
2022 1015 2148 1074 boni,
2190 1030 2242 1065 ut
2275 1020 2475 1069 constare

487 1086 634 1150 potest
657 1101 712 1132 ex
736 1084 821 1131 illis
845 1098 951 1146 quae
974 1083 1098 1143 prius
1132 1081 1188 1127 de
1212 1080 1380 1128 coelesti
1405 1082 1607 1138 homine,
1644 1098 1672 1128 n
1693 1100 1704 1130 ε
1729 1099 1839 1131 202.
1868 1100 1978 1147 337.
2006 1084 2147 1149 2669.
2175 1085 2320 1149 5715,
2357 1086 2477 1135 dieta

487 1152 621 1207 sunt,
661 1154 796 1198 etiam
827 1147 1028 1196 coelestes
1051 1148 1256 1194 homines
1289 1163 1370 1210 per
1391 1147 1650 1194 charitatem
1684 1163 1790 1210 erga
1811 1150 2097 1211 proximum,
2133 1151 2477 1205 introduceban-

490 1233 563 1265 tur
597 1219 641 1264 in
676 1231 877 1263 amorem
914 1216 958 1260 in
995 1214 1274 1269 Dominum,
1311 1228 1418 1259 cum
1460 1211 1815 1260 reformabantur
1852 1214 1902 1260 δε
1940 1215 2332 1276 regenerabantur,
2372 1219 2479 1267 inde

489 1298 626 1348 patet,
660 1283 787 1347 quod
827 1296 907 1345 per
931 1279 1284 1327 misericordiam
1321 1296 1347 1326 a
1369 1279 1577 1327 Domino
1609 1295 1701 1326 non
1739 1279 1863 1326 aliud
1895 1279 2172 1343 intelligatur
2204 1296 2342 1343 quam
2376 1299 2478 1347 per-

491 1352 643 1415 ceptio
667 1350 874 1396 *influxus
908 1347 1073 1394 amoris
1112 1346 1158 1392 in
1191 1344 1366 1410 Ipsum,
1417 1346 1468 1394 &
1499 1361 1580 1410 per
1613 1346 1848 1393 veritatem
1883 1345 2080 1394 influxus
2118 1346 2340 1396 charitatis
2371 1366 2479 1414 erga

492 1418 756 1482 proximum
796 1414 932 1462 inde:
974 1425 1020 1460 at
1042 1411 1300 1476 Spirituales
1337 1412 1481 1469 aliter,
1516 1413 1546 1459 ii
1583 1412 1641 1460 de
1664 1411 1749 1459 illis
1780 1428 1890 1476 quae.
1912 1410 2014 1460 sunt
2045 1412 2154 1460 fidei
2175 1415 2394 1478 cogitant,
2427 1434 2478 1465 ac

489 1500 599 1532 cum
633 1481 933 1531 reformantur
966 1481 1015 1527 &
1051 1491 1386 1542 regenerantur,
1422 1494 1503 1543 per
1534 1479 1609 1527 illa
1631 1495 1738 1543 quae
1761 1477 1863 1526 sunt
1885 1478 2010 1536 fidei,
2049 1479 2400 1530 introducuntur
2431 1486 2480 1533 in
2507 1533 2510 1537 ,

492 1550 749 1597 charitatem
775 1563 879 1611 erga
901 1547 1205 1610 proximum;
1255 1561 1393 1608 quare
1413 1561 1522 1592 cum
1546 1546 1604 1592 de
1640 1546 1726 1592 illis
1762 1547 1929 1607 agitur,
1965 1562 2048 1608 per
2070 1545 2419 1598 misericordiam
2455 1568 2481 1600 a

489 1616 697 1665 Domino
731 1614 998 1677 intelligitur
1027 1612 1223 1658 influxus
1257 1610 1482 1658 charitatis
1505 1626 1614 1674 erga
1635 1611 1918 1674 proximum,
1954 1613 2004 1658 δε
2037 1615 2119 1674 per
2140 1614 2375 1661 veritatem
2409 1617 2479 1663 in-

492 1683 643 1730 fluxus
674 1682 814 1736 fidei,
854 1691 899 1727 at
928 1677 1067 1741 usque
1098 1675 1210 1723 fides
1248 1675 1366 1734 haec,
1406 1691 1515 1724 curn
1549 1680 1832 1740 regeneratus
1864 1675 1927 1722 est
1954 1675 2098 1725 homo
2134 1676 2384 1741 spiritualis,
2423 1683 2478 1731 fit

491 1749 695 1804 charitas,
737 1762 844 1801 nam
868 1757 978 1792 tunc
1010 1760 1035 1790 a
1057 1742 1270 1790 charitate
1303 1744 1413 1806 agit,
1456 1744 1506 1790 ὅτ,
1530 1741 1618 1790 hoc
1649 1742 1786 1806 usque
1809 1741 1937 1800 adeo,
1958 1755 2026 1798 ,ut
2047 1744 2129 1807 qui
2167 1744 2350 1794 illorum
2383 1765 2477 1796 non

489 1831 515 1863 a
548 1815 762 1875 charitate
784 1813 912 1876 agit,
948 1825 1039 1857 non
1079 1821 1360 1872 regeneratus
1382 1809 1453 1866 fit,
1489 1821 1533 1856 at
1557 1810 1638 1872 qui
1670 1826 1696 1856 a
1730 1809 1940 1857 charitate
1972 1811 2085 1874 agit,
2121 1810 2157 1857 is
2192 1827 2475 1875 regeneratus

470 1880 584 1938 »εἶξε
607 1882 658 1928 ὅτ
690 1893 800 1927 tunc
834 1894 941 1942 quae
973 1876 1079 1924 fidei
1113 1874 1186 1924 seu
1211 1876 1306 1923 veri
1340 1874 1458 1933 sunt,
1499 1875 1611 1922 nihil
1635 1887 1777 1931 curat,
1815 1891 1920 1922 narn
1960 1891 2018 1922 ex
2051 1875 2172 1923 bono
2207 1878 2316 1940 fidei
2339 1881 2475 1938 vivit,

488 1964 581 1995 non
613 1938 807 2010 amplius
837 1961 892 1991 ex
914 1959 1025 1991 vero
1053 1939 1166 2006 ejus,
1207 1958 1368 1989 verum
1392 1943 1514 1990 enim
1550 1941 1592 1989 se
1627 1943 1689 1988 ita
1722 1941 1960 2004 conjunxit
1992 1940 2130 1998 bon0,
2175 1955 2227 1990 ut
2250 1959 2341 1991 non
2376 1963 2475 1994 am-

488 2013 606 2078 plius
627 2024 850 2077 appareat,
886 2010 966 2057 nifi
1001 2009 1142 2057 modo
1175 2008 1288 2056 ficut
1326 2006 1473 2056 forma
1503 2008 1628 2065 boni,
1664 2007 1751 2055 hoc
1774 2006 1854 2064 est,
1891 2007 2004 2054 fides
2040 2024 2133 2056 non
2171 2008 2298 2057 aliter
2335 2027 2474 2075 quam

486 2080 602 2127 ficut
625 2077 1048 2126 formacharitatis:
1089 2075 1193 2122 inde
1216 2074 1416 2122 constare
1450 2074 1610 2138 potest,
1645 2073 1760 2138 quid
1784 2074 2115 2138 Antiquissimi,
2153 2075 2204 2122 &
2235 2078 2348 2139 quid
2372 2080 2475 2127 An-

489 2148 625 2209 tiqui,
662 2145 975 2192 intellexerunt
1013 2158 1093 2206 per
1131 2141 1489 2188 Misericordiam
1529 2143 1578 2188 &
1609 2141 1877 2196 Veritatem,
1929 2156 2035 2203 quae
2081 2142 2229 2188 toties‘
2249 2144 2297 2190 in
2320 2145 2476 2194 Verbo

487 2214 794 2267 nominantur,
834 2222 885 2256 ut
907 2209 1026 2272 apud
1052 2207 1298 2260 Davidem,
1336 2212 1370 2234 “
1394 2208 1498 2255 Rex
1520 2206 1737 2255 habitabit
1760 2218 1983 2254 aeternum
2007 2222 2158 2254 coram
2182 2208 2303 2266 Dec,
2337 2214 2476 2275 Mist-

487 2280 716 2333 ricordiam
741 2279 786 2324 δι
814 2278 1047 2324 Veritatem
1087 2289 1207 2337 para,
1247 2272 1499 2321 custodiant
1532 2274 1716 2331 illum,’'
1750 2272 1896 2321 Psalm
1918 2290 1930 2320 ι
1954 2288 2038 2320 in
2062 2293 2071 2322 ε
2095 2278 2118 2322 8
2141 2292 2153 2322 :
2201 2276 2321 2338 apud
2345 2277 2476 2326 Eum

486 2345 609 2401 dem,
657 2342 1014 2406 “'Mfiricordia
1053 2342 1102 2388 &
1136 2343 1307 2388 Veritas
1345 2353 1614 2396 occurrent;
1661 2339 1834 2405 justitia
1877 2340 1927 2387 &
1971 2355 2060 2403 pax
2105 2339 2475 2402 osculabuntur,”

486 2410 633 2458 Psalm
658 2428 668 2457 :
690 2425 876 2458 Lxxxw
905 2426 921 2456 1
938 2425 954 2456 1
981 2426 991 2456 :
1036 2407 1158 2470 apud
1182 2407 1416 2464 Eundem,
1460 2412 1494 2434 “
1518 2408 1748 2455 Dominus
1784 2408 1911 2464 Deus
1953 2422 2147 2470 magnus
2170 2409 2476 2472 Misericordia

486 2479 534 2524 δε
560 2478 800 2532 Veritate,”
836 2475 1014 2522 Psalm:
1037 2489 1247 2520 Lxxxw:
1273 2490 1330 2536 15
1351 2491 1366 2521 z
1399 2474 1526 2537 apud
1553 2474 1785 2530 Eundem,
1825 2478 1858 2500 “
1882 2477 2076 2522 Veritate
2096 2489 2187 2521 mea
2221 2475 2270 2522 &
2296 2478 2475 2539 Miseri}

485 2543 629 2589 cardia
656 2558 746 2588 mea
785 2557 892 2587 cum
924 2539 1073 2602 1pso‚”
1108 2539 1286 2587 Psalm:
1314 2555 1495 2586 Lxxxix
1516 2559 1526 2588 z
1550 2557 1642 2602 25:
1684 2540 1807 2602 apud
1831 2539 2066 2593 Eundem,
2109 2544 2142 2565 “
2166 2540 2373 2598 Jehovah
2406 2558 2474 2598 re-

485 2608 693 2654 cordatus
716 2606 778 2652 est
796 2606 1103 2666 Misericordiae
1113 2606 1207 2666 suae
1229 2606 1278 2651 &
1301 2607 1509 2651 Veritatis
1531 2606 1625 2665 suae
1647 2604 1809 2650 domui
1830 2601 2046 2659 Israeli3,''
2070 2602 2216 2650 Psalm
2238 2622 2249 2651 :
2270 2621 2435 2655 xcvnr
2451 2628 2470 2657 y:

494 2691 550 2737 3:
587 2672 709 2735 apud
731 2671 966 2725 Eundem,
1008 2675 1041 2696 ‘⁶
1067 2668 1289 2729 jehovah‚
1327 2685 1419 2716 non
1443 2668 1588 2724 nobis,
1628 2668 1701 2715 secl
1724 2670 1919 2715 Nomini
1951 2681 2035 2714 tuo
2062 2668 2124 2715 ‘da
2162 2669 2372 2731 gloriam,
2409 2675 2472 2721 ob

490 2737 831 2800 JWisericordiam
869 2746 989 2782 tuam
1023 2735 1072 2781 &
1111 2735 1345 2781 Veritatem
1390 2735 1560 2790 tuam‚’'
1611 2734 1760 2781 Psalm
1787 2752 1798 2781 ε
1827 2750 1953 2782 exv:
1982 2751 2020 2781 1.
2071 2735 2217 2797 Apud
2240 2736 2470 2797 Micham,

491 2810 523 2832 “
550 2802 755 2864 Jehovah
789 2803 916 2848 Deus
957 2800 1082 2847 dabit
1116 2801 1349 2847 Veritatem
1389 2799 1582 2860 jacobo,
1625 2800 1969 2863 Misericordiam
2004 2799 2285 2860 Abrahamo‚
2329 2820 2470 2867 quam

480 2870 637 2934 jurasti
667 2867 865 2932 patribus
889 2866 1046 2912 nostris
1083 2882 1107 2912 a
1130 2864 1286 2912 diebus
1320 2867 1642 2928 antiquitatis,''
1686 2881 1794 2913 vu:
1821 2865 2018 2921 20,<ubi
2041 2866 2238 2927 Jacobus
2272 2886 2357 2932 pro
2393 2888 2470 2919 ex-

490 2949 617 2984 terno
655 2935 855 2989 homine,
892 2932 1083 2980 Domini
1110 2931 1341 2978 Abraham
1374 2948 1459 2994 pro
1492 2933 1666 2978 interno
1697 2933 1847 2995 quoad
1872 2932 2153 2980 humanum:
2202 2935 2322 2998 apud
2344 2938 2470 2985 Hos-

472 3003 660 3057 ·cheam,
705 3005 738 3027 ‘⁶
762 2999 845 3047 Lis
868 2998 1060 3058 Jehovae
1091 3013 1199 3044 cum
1225 2996 1542 3046 habitatoribus
1577 3009 1722 3055 terrae,
1760 2998 1869 3060 quia
1901 2997 2023 3045 nulla
2044 3001 2231 3057 Veritas,
2271 3002 2321 3049 &
2344 3004 2469 3052 nulla

491 3066 805 3130 Misericordia,
847 3067 895 3112 &
934 3064 1058 3112 nulla
1089 3064 1290 3126 cognitio
1313 3065 1452 3120 Dei,''
1502 3080 1586 3110 xv:
1620 3082 1661 3120 1,
1701 3064 1822 3111 nulla
1845 3065 2004 3111 veritas
2038 3059 2123 3128 pro
2159 3066 2283 3114 nulla
2315 3084 2468 3134 recep-

488 3136 608 3182 tione
645 3133 843 3180 influxus
879 3130 1136 3184 charitatis3
1186 3130 1307 3177 nulla
1346 3130 1646 3178 misericordia
1689 3146 1773 3193 pro
1817 3130 1938 3177 nulla
1981 3133 2233 3194 receptione
2271 3134 2471 3184 influxus
2530 3191 2532 3193 ,

488 3200 684 3255 amoris·‚
725 3198 847 3246 nulla
883 3199 1085 3260 cognitio
1106 3198 1191 3244 Dei
1233 3213 1316 3259 pro
1348 3197 1470 3244 nulla
1507 3197 1761 3260 receptione
1795 3197 1990 3244 influxus
2013 3199 2111 3244 veri
2143 3199 2263 3245 fidei.

2143 3346 2284 3395 3123.
2320 3330 2467 3395 Qiod
