2904 3750
476 249 617 351 31⁶:
812 260 843 278 ·
991 246 1052 313 G
1145 224 1384 315 ΕΝ
1469 249 1529 313 E
1624 250 1675 350 S
1769 249 1965 341 IS·

477 385 658 442 dicitur,
695 386 819 450 quod
845 386 1052 449 Jehovah
1092 386 1163 434 seu
1200 390 1432 437 Dominus
1472 388 1697 448 irascatur,
1732 389 2034 449 excandescat,
2071 390 2228 447 vastet,
2264 390 2480 456 conjiciat

480 452 525 498 in
552 450 798 510 infernum,
834 463 943 502 cum
983 467 1135 502 tamen
1175 455 1392 520 nusquam
1432 456 1656 514 irascatur,
1695 459 1844 505 minus
1869 456 2079 522 conjiciat
2114 458 2310 521 aliquem
2336 461 2474 507 inin·

478 518 696 576 isrnum3
733 521 846 568 illud
886 520 949 567 est
990 520 1132 567 sensus
1169 522 1324 580 liter-ae,
1361 524 1447 571 hoc
1486 537 1637 571 autem
1678 525 1742 572 est
1782 524 1925 572 sensus
1963 526 2157 580 interni·,
2202 524 2300 571 haec
2340 533 2486 589 appa-'

481 597 579 632 rent
619 587 841 651 opposita,
877 587 952 634 sed
972 603 1028 634 ex
1051 588 1195 646 causa,
1231 591 1339 653 quia
1372 590 1515 638 homo
1551 593 1598 638 in
1633 592 1842 656 oppofito
1877 591 1970 647 est;
2010 591 2047 638 se
2071 591 2203 638 habet
2227 591 2330 648 hoc,
2365 593 2490 640 ficut·

481 653 609 714 quod
633 655 864 702 Dominus
902 657 1109 718 aPpareat
1138 668 1200 702 -ut
1239 656 1317 704 Sol
1353 657 1523 720 angelis
1561 659 1641 720 qui
1679 663 1727 708 in
1765 659 1903 715 coelo,
1940 660 1985 705 &
2014 658 2117 705 inde
2140 670 2191 704 ut
2215 655 2479 722 calorquafi

485 733 665 777 vernus,
702 723 749 768 &
775 734 826 768 ut
847 721 926 767 lux
948 721 1072 784 quasi
1098 738 1270 769 aurorae
1285 745 1301 778 ·,
1339 736 1384 770 at
1409 721 1695 771 infernalibus
1719 725 1830 772 ficut
1853 723 2031 789 prorsus
2054 740 2249 788 opacum
2273 725 2403 788 quid,
2431 726 2481 771 δε

485 786 590 832 inde
625 800 675 833 ut
707 783 852 850 frigus
886 787 1006 850 quasi
1039 788 1231 851 hyemis,
1267 806 1317 836 ac
1359 801 1410 843 ut
1450 790 1609 853 caligo
1635 792 1756 854 quafi
1791 794 1967 846 noeti„
2002 790 2192 854 proinde
2217 791 2409 853 Angelis
2436 792 2484 837 in

486 867 639 900 amore
664 855 712 901 &
736 854 963 910 charitate,
999 853 1071 900 sed
1110 853 1398 903 infernalibus
1434 856 1481 913 in
1515 857 1624 904 odio
1662 860 1710 904 &
1741 857 2010 913 hostilitate3
2047 859 2107 905 ita
2129 857 2196 904 his
2229 856 2478 904 secundum

486 916 656 967 sensum
697 920 853 976 lsterae,
905 921 1034 984 quod
1073 921 1294 980 irascatur,
1346 922 1652 981 excandescat,
1697 924 1852 981 vastet,
1905 921 2114 987 conjiciat
2151 925 2198 969 in
2238 922 2482 981 infernum,

482 983 574 1032 illis
599 998 750 1032 autem
775 985 1023 1034 secundum
1047 986 1219 1036 sensum
1236 990 1463 1036 internum
1486 991 1612 1053 quod
1637 990 1855 1055 nusquam
1881 989 2087 1038 irascatur
2108 991 2157 1036 &
2181 990 2485 1047 excandescat,-

489 1053 638 1101 minus
661 1052 787 1116 quod
812 1052 952 1100 vastet
984 1054 1034 1100 &
1059 1054 1266 1117 conjiciat
1288 1057 1333 1102 in
1356 1053 1620 1112 infernum;
1657 1052 1764 1105 cum
1804 1059 1952 1121 itaque
1991 1059 2140 1121 agitur
2172 1058 2217 1103 in
2241 1056 2398 1104 Verbo
2427 1057 2486 1104 de

485 1119 576 1167 illis
609 1135 714 1182 quae
738 1123 958 1166 contraria
980 1119 1156 1167 Divino
1175 1120 1294 1177 sunt,
1331 1121 1405 1168 illa
1436 1138 1529 1168 non
1564 1124 1746 1185 possunt
1784 1124 1909 1171 aliter
1947 1139 2085 1186 quam
2125 1121 2366 1170 secundam
2406 1139 2485 1186 ap·

488 1187 730 1249 parentiam
771 1186 832 1232 ita
870 1185 992 1242 fisti·,
1028 1188 1164 1234 etiam
1189 1188 1417 1234 Divinum
1453 1186 1532 1243 est,
1569 1189 1695 1251 quod
1737 1190 1843 1236 mali
1882 1200 2065 1236 vertunt
2104 1189 2150 1234 in
2186 1188 2513 1251 diabolicum,>

490 1252 577 1302 hoc
611 1252 669 1299 fic
703 1264 945 1315 operatur;
981 1269 1120 1316 quare
1157 1255 1291 1301 etiam
1329 1265 1552 1317 quantum
1589 1255 1644 1300 ad
1677 1255 1905 1302 Divinum
1938 1255 2273 1318 approximant,
2308 1267 2488 1303 tantum

491 1321 536 1366 in
573 1320 792 1366 cruciatus
831 1317 1064 1366 infernales
1101 1317 1142 1366 se
1178 1318 1439 1384 conjiciunt.
1511 1321 1727 1368 Similiter
1759 1319 1801 1369 se
1836 1321 1967 1369 habet
1989 1337 2097 1369 cum
2124 1320 2270 1367 verbis
2293 1321 2493 1368 Domini

491 1388 538 1434 in
561 1387 793 1442 Oratione,
832 1391 865 1413 “
889 1386 963 1433 Ne
988 1387 1172 1434 inducas
1197 1403 1278 1435 nos
1311 1389 1356 1434 in
1391 1389 1738 1445 tentationem,”
1773 1387 1918 1435 sensus
1941 1387 2188 1435 secundum
2212 1387 2386 1436 literam
2409 1384 2490 1446 est,

491 1452 618 1515 quod
641 1452 826 1499 inducat
849 1454 895 1500 in
919 1455 1229 1511 tentationem,
1268 1452 1414 1501 sensus
1449 1468 1602 1502 autem
1645 1456 1846 1503 internus
1883 1455 1962 1512 est,
1997 1454 2123 1518 quod
2163 1456 2397 1502 neminem
2422 1456 2494 1502 in-'

483 1520 646 1575 ducat,
683 1533 734 1566 ut
757 1532 918 1567 notum
938 1520 1016 1576 est,
1054 1520 1261 1568 videatur
1283 1538 1340 1569 n:
1374 1525 1528 1586 18753
1565 1522 1766 1569 similiter
1789 1520 1830 1570 se
1852 1523 1983 1570 habet
2014 1537 2122 1569 cum
2149 1521 2346 1585 reliquis,
2382 1537 2489 1586 quae

492 1585 635 1633 sensus
660 1586 842 1645 literalis>
869 1586 1003 1633 Verbi
1038 1585 1153 1635 sunt.
1634 1620 1635 1623 =

564 1653 705 1715 3426.
744 1653 890 1713 Qod
929 1653 1126 1700 dicendo
1161 1655 1290 1701 nobis
1329 1670 1478 1717 aquae,
1513 1655 1738 1717 significet
1773 1655 1900 1718 quod
1943 1654 2005 1700 illi
2047 1651 2094 1699 in
2127 1669 2237 1700 vero
2277 1654 2377 1710 sint,
2415 1653 2494 1700 seu'

488 1719 618 1782 >quod
645 1719 730 1765 illis
751 1735 872 1776 vera,
909 1718 1079 1766 constat
1102 1720 1472 1782 afignificatione
1501 1736 1736 1783 aquarum,
1773 1721 1899 1784 quod
1921 1720 2006 1767 sint
2031 1720 2329 1782 cognitiones,
2366 1733 2417 1767 ut
2440 1722 2488 1768 &

494 1801 615 1841 vera,
652 1785 708 1832 de
730 1800 822 1848 qua
845 1801 874 1830 n
896 1803 906 1831 :
937 1789 1011 1833 28.
1034 1785 1143 1834 680.
1170 1802 1278 1851 739.
1301 1803 1443 1850 2702,
1463 1791 1606 1850 3058.

568 1867 710 1916 3427.
747 1851 812 1898 Et
851 1853 1031 1898 vocavit
1071 1868 1238 1899 nomen
1276 1854 1400 1916 putei
1441 1852 1579 1909 Esek,
1616 1855 1724 1917 quia
1757 1852 2088 1900 contenderunt
2119 1869 2225 1900 cum
2251 1870 2322 1908 eo,
2359 1854 2487 1915 quod

497 1918 719 1982 significet
758 1918 1045 1981 negationem
1085 1919 1146 1966 ob
1187 1919 1276 1977 illa,
1312 1931 1413 1967 tum
1454 1919 1515 1967 ob
1553 1920 1651 1976 alia,
1687 1920 1815 1982 quod
1847 1929 2004 1964 contra
2038 1917 2154 1975 illos,
2186 1919 2239 1964 δε
2263 1919 2324 1964 ob
2349 1919 2491 1980 plura,

499 1984 668 2032 constat
691 2000 747 2031 ex
769 2001 839 2041 eo,
874 1986 1003 2048 quod
1041 1986 1240 2043 nomina,
1277 2003 1383 2049 quae
1421 1987 1668 2050 antiquitus
1706 1984 1988 2041 indebantur,
2025 1984 2161 2032 effent
2200 1984 2497 2047 significativa

499 2053 562 2099 rei
585 2051 659 2099 seu
691 2051 840 2108 status,
878 2067 938 2099 n:
967 2069 1112 2115 3422,
1149 2053 1254 2099 inde
1278 2052 1528 2099 meminisse
1552 2064 1799 2115 potuerunt
1822 2050 2024 2114 plurium
2051 2051 2107 2098 de
2128 2050 2232 2107 illis,
2269 2053 2495 2114 imprimis

499 2117 648 2182 qualia
668 2118 839 2173 effent3
876 2117 950 2164 hic
989 2119 1096 2182 quia
1129 2118 1321 2181 pastores
1343 2119 1523 2166 Geraris
1553 2135 1666 2169 icum
1702 2117 1951 2183 pastoribus
1975 2116 2176 2179 -Jischaki
2206 2119 2335 2164 rixati
2376 2117 2494 2174 sunt,

501 2198 642 2249 puteo
672 2184 871 2231 inditum
905 2196 997 2231 erat
1033 2200 1201 2232 nomen
1231 2185 1367 2233 inde:
1404 2185 1532 2249 quod
1555 2186 1692 2233 rixari
1721 2185 1794 2232 seu
1826 2185 2095 2232 contendere
2118 2183 2339 2247 significet
2362 2186 2495 2231 etiam
2571 2201 2576 2206 ·

501 2267 681 2314 negare,
716 2250 920 2296 videatur
944 2267 1002 2298 n:
1032 2268 1178 2314 3425,
1215 2268 1383 2299 nomen
1422 2252 1528 2299 inde
1552 2251 1693 2309 Esek,
1728 2251 1855 2315 quod
1879 2253 1926 2299 in
1950 2251 2108 2315 lingua
2127 2251 2336 2314 originali
2361 2251 2495 2314 signi·

501 2317 607 2366 ficat
639 2319 976 2364 contentionem
1011 2316 1082 2364 seu
1115 2320 1278 2374 rixam,
1314 2320 1364 2366 &
1388 2318 1630 2368 deducitur
1648 2335 1676 2370 ,a
1699 2335 1813 2366 voce
1836 2319 1975 2374 affini,
2009 2334 2116 2381 quae
2155 2317 2377 2381 fignificat
2412 2333 2496 2381 op-

502 2386 768 2447 preffionem
801 2385 848 2430 &
876 2381 1116 2447 injuriam;
1154 2386 1203 2432 δε
1235 2386 1341 2448 quia
1379 2385 1452 2433 hic
1490 2401 1571 2449 per
1594 2387 1793 2434 Puteum
1817 2385 2092 2449 significatur
2113 2384 2322 2434 Verbum
2346 2383 2497 2448 quoad

503 2450 675 2497 sensum
712 2450 925 2497 literalem
959 2453 1005 2497 in
1038 2467 1133 2514 quo
1162 2454 1377 2510 internus,
1414 2468 1496 2516 per
1518 2451 1641 2500 Esek
1665 2452 1737 2500 seu
1762 2453 2099 2501 contentionem
2123 2451 2397 2515 significatur
2420 2466 2498 2497 ne·

504 2518 629 2580 gatio
662 2515 801 2563 sensus
834 2517 995 2564 interni
1019 2519 1159 2565 Verbi
1179 2541 1198 2574 ;⁴
1230 2519 1372 2566 causae
1411 2521 1662 2583 negationis
1698 2519 1847 2567 eidem
1871 2520 1976 2567 voci
2016 2520 2154 2566 etiam
2193 2516 2358 2573 insunt,
2393 2531 2500 2580 quae

505 2583 632 2646 quod
657 2583 741 2629 sint
765 2583 825 2629 ob
859 2584 948 2639 illa,
984 2585 1040 2631 de
1068 2584 1235 2649 quibus
1269 2602 1382 2633 mox
1417 2585 1546 2650 supra
1585 2603 1646 2634 n:
1677 2603 1821 2650 3425,
1858 2602 2022 2649 nempe
2046 2585 2172 2648 quod
2195 2582 2398 2646 opposita
2421 2599 2501 2644 ap·-

506 2661 705 2711 pareant,
741 2661 896 2712 patet;
933 2662 1034 2696 tum
1065 2667 1249 2714 quoque
1273 2652 1400 2717 quod
1424 2653 1509 2699 sint
1532 2651 1593 2699 ob
1615 2652 1710 2700 alia.
1783 2655 1848 2698 lta
1871 2667 1977 2698 cum
2001 2649 2123 2696 sensu
2157 2650 2333 2695 interno
2357 2647 2499 2694 Verbi

507 2714 549 2761 se
583 2714 745 2769 habet3
782 2716 862 2777 qui
892 2717 938 2762 in
979 2715 1068 2762 sola
1104 2716 1283 2765 scientia
1318 2718 1636 2780 cognitionum
1671 2716 1787 2774 sunt,
1831 2718 1881 2764 &
1919 2728 2140 2763 vocantur
2180 2713 2413 2771 Philistaei‚
2449 2714 2500 2760 δε

457 2804 463 2805 ff
507 2782 588 2843 qui
626 2782 671 2826 in
711 2780 811 2826 solis
848 2781 1165 2829 doetrinalibus
1201 2784 1324 2839 fidei,
1361 2786 1442 2845 qui
1472 2780 1695 2830 'dicuntur
1732 2782 1928 2847 pastores
1967 2781 2094 2828 vallis
2134 2780 2328 2837 Geraris,
2365 2796 2416 2827 ac
2454 2780 2500 2826 in

509 2845 632 2892 nulla
668 2845 876 2892 charitate
909 2863 1014 2910 erga
1049 2849 1331 2909 proximum,
1368 2849 1432 2895 illi
1462 2864 1747 2911 nequaquam
1787 2848 1912 2895 aliter
1946 2847 2142 2910 possunt,
2177 2863 2316 2910 quam
2343 2862 2502 2909 negare

507 2911 635 2974 quod
664 2910 807 2958 sensus
832 2913 1028 2959 internus
1051 2913 1190 2959 Verbi
1213 2915 1303 2969 ¹sit;
1339 2914 1483 2976 causae
1510 2913 1611 2961 sunt
1634 2915 1896 2978 praecipuae,
1933 2915 2040 2977 quia
2062 2913 2275 2961 cordibus
2298 2912 2384 2960 suis
2409 2929 2501 2961 non

510 2977 759 3040 agnoscunt
781 2979 1057 3035 Dominum,
1094 2979 1266 3026 tametsi
1289 2980 1427 3027 Illum
1457 2996 1533 3027 ore
1556 2980 1826 3043 profitentur
1845 3003 1858 3035 ;
1895 2980 1945 3028 δε
1969 2996 2152 3043 quoque
2175 2980 2388 3028 cordibus
2409 2996 2502 3026 non

511 3056 678 3091 amant»
695 3046 977 3106 proximum,
1014 3046 1184 3092 tametfi
1217 3062 1419 3094 amorem
1444 3059 1599 3094 contra
1622 3047 1753 3094 illum
1783 3046 2038 3102 declarant;
2072 3048 2123 3094 ὅτ
2148 3049 2226 3110 qui
2251 3063 2342 3094 non
2368 3045 2505 3093 corde

510 3109 712 3173 agnoscit
734 3111 1011 3168 Dominum,
1047 3112 1097 3158 δε
1128 3113 1264 3159 corde
1304 3127 1424 3161 amat
1461 3115 1749 3177 proximum,
1795 3114 1831 3160 is
1872 3129 2154 3177 nequaquam
2196 3113 2342 3178 potest
2364 3113 2505 3159 >aliter

501 3192 650 3247 ‚quam
690 3175 862 3226 sensum
903 3179 1129 3227 internum
1154 3180 1293 3228 Verbi
1335 3195 1514 3246 negare,
1550 3197 1657 3230 nam
1679 3179 1886 3230 Verbum
1912 3181 1958 3229 in
1982 3179 2104 3230 sensu
2131 3181 2306 3230 interno
2330 3180 2385 3229 de
2410 3195 2504 3226 non

2426 3245 2508 3293 alia
