2872 3730
656 238 998 302 CAPUT
1044 235 1616 317 VIGESIMUM
1670 235 2191 303 TERTIUM.
2307 258 2435 323 109

499 374 642 441 2966.
680 373 1052 438 Qadringentos
1076 370 1204 418 ficlos
1226 371 1419 433 argenti,
1460 369 1587 433 quod
1613 367 1836 433 significet
1860 371 2187 434 redemptionis
2210 374 2426 433 pretium,

427 442 558 505 supra
590 458 622 488 n
642 459 653 488 ε
674 457 820 504 2959,
854 437 1078 487 ostensum
1103 437 1182 494 est,
1219 436 1291 484 sed
1332 436 1444 499 quid
1484 436 1808 498 redemptionis
1832 439 2050 499 pretium,
2085 439 2286 492 dicetur3
2329 441 2423 486 Re-

427 509 638 572 demptio
659 507 724 553 est
747 505 880 552 solius
901 505 1112 561 Domini,
1150 505 1210 551 ita
1232 518 1417 566 quoque
1442 503 1767 565 redemptionis
1802 504 2029 566 pretium·,
2068 505 2116 549 δε
2141 504 2230 550 hoc
2254 506 2423 567 praedi-

422 586 550 622 catur
571 574 707 621 etiarn
742 572 799 618 de
821 571 1076 634 receptione
1111 569 1233 634 apud
1259 570 1514 626 hominem,
1551 569 1674 631 apud
1709 584 1847 631 quem
1875 569 2198 631 redemptionis
2222 572 2418 631 pretium

423 652 602 687 tantum
624 636 703 693 est,
738 650 962 700 quantum
988 638 1175 700 recipit:
1225 636 1580 699 Redemptionis
1604 637 1803 698 pretium
1826 637 1887 681 est
1916 636 2105 681 Domini
2129 637 2341 682 meritum
2369 636 2418 682 δε

417 705 589 770 justitia
622 719 702 767 per
724 705 1003 766 gravissimas
1033 704 1314 759 tentationeS,
1351 718 1432 767 per
1463 718 1573 765 quas
1596 698 2015 748 univitEflentiam
2040 702 2308 748 Humanam
2333 702 2418 746 Di-

424 772 545 819 vinae
566 773 616 819 &
635 770 854 817 Divinam
880 771 1135 827 Humanae,
1175 771 1225 818 &
1248 770 1335 816 hoc
1357 786 1413 816 ex
1437 769 1620 832 propria
1643 770 1859 831 potentia,
1896 770 1944 814 &
1970 784 2050 831 per
2083 769 2332 814 unitionem
2368 766 2420 812 il-

411 838 514 885 vlam
555 835 740 884 salvavit
776 851 920 899 genus
955 836 1230 893 humanum,
1271 852 1323 882 ac
1362 836 1589 899 imprimis
1630 834 1730 881 illos
1762 836 1843 897 qui
1877 834 1935 880 ab
1971 834 2170 881 Ecclesia
2203 833 2419 896 spirituali

423 903 556 958 sunt;
612 904 740 966 quod
777 904 1010 950 Dominus
1044 901 1228 964 Justitia
1266 900 1410 949 sactus
1450 917 1530 965 per
1564 902 1842 964 gravissimas
1883 902 2164 955 tentationes,
2214 900 2431 962 videatur-

393 980 483 1028 ’,111
510 975 647 1032 1813.
677 986 819 1031 2025.
848 970 990 1020 2026.
1020 985 1166 1034 2027,
1209 968 1336 1032 quod
1361 968 1558 1015 univerit
1580 967 1827 1014 Effentiam
1852 967 2124 1014 Humanam
2152 967 2336 1013 Divinae
2371 965 2420 1012 &

423 1036 644 1083 Divinam
659 1037 948 1091 Humanam,
975 1052 1036 1084 n:
1062 1052 1200 1099 1725.
1235 1037 1372 1099 1729.
1405 1050 1542 1100 1733.
1576 1036 1714 1098 1737.
1748 1038 1884 1097 1813.
1913 1038 2058 1095 2083,
2082 1032 2207 1096 quod
2232 1048 2290 1078 ex
2315 1047 2421 1094 pro-

424 1104 523 1166 pria
560 1103 778 1165 potentia,
815 1119 876 1150 n:
906 1102 1042 1151 1616.
1076 1119 1213 1165 1921.
1256 1118 1400 1163 2025.
1448 1101 1591 1149 2026.
1635 1103 1778 1162 2083.
1824 1116 1976 1161 2500.1
2008 1116 2148 1162 2523.
2188 1099 2332 1162 2632,
2369 1099 2419 1144 &

422 1168 550 1232 quod
574 1185 653 1231 per
677 1170 928 1215 unitionem
964 1168 1087 1214 illam
1111 1167 1343 1214 salvaverit
1366 1182 1509 1230 genus
1533 1166 1818 1220 111111131111111,
1858 1181 1909 1212 30
1947 1167 2174 1228 imprimis
2210 1165 2311 1211 illos
2340 1164 2421 1227 qui

424 1235 481 1280 ab
514 1234 713 1281 Ecclesia
758 1233 989 1296 spirituali,
1026 1250 1087 1281 n:
1111 1234 1251 1282 2661.
1280 1232 1424 1296 2716,
1464 1232 1564 1279 haec
1599 1231 1701 1279 sunt
1739 1247 1845 1295 quae
1883 1230 2191 1294 significantur
2225 1247 2306 1294 per
2328 1231 2423 1276 Re·

424 1300 700 1363 demptionis
723 1301 921 1363 pretium
943 1319 953 1348 :
990 1300 1117 1363 quod
1140 1302 1273 1347 etiam
1299 1300 1344 1346 id
1368 1299 1639 1363 praedicetur
1661 1297 1718 1345 de
1743 1299 1996 1361 receptione
2019 1298 2140 1361 apud
2166 1298 2420 1352 hominem,

423 1366 545 1430 apud
569 1382 708 1429 quem
732 1378 911 1413 tantum
934 1366 997 1413 est
1037 1378 1260 1429 quantum
1295 1366 1331 1412 is
1368 1367 1543 1429 recipit,
1583 1363 1782 1412 constare
1805 1363 1952 1427 potest
1986 1380 2044 1410 ex
2077 1380 2148 1420 eo,
2184 1363 2309 1427 quod
2333 1363 2420 1409 Di·

427 1435 590 1479 vinum
621 1434 810 1479 Domini
834 1432 889 1479 s1t
911 1433 1036 1495 quod
1060 1433 1182 1495 apud
1206 1433 1444 1479 hominem
1469 1430 1576 1478 facit
1596 1430 1862 1486 Ecclesiam,
1899 1430 2010 1477 nihil
2033 1431 2155 1477 enim
2180 1429 2306 1481 audit
2330 1429 2421 1475 Ec-

428 1499 570 1554 clefia,
607 1514 747 1560 quam
772 1498 899 1560 quod
922 1498 986 1544 est
1010 1500 1249 1561 proprium
1273 1499 1484 1552 Domini,
1524 1496 1589 1543 est
1627 1498 1803 1543 bonum
1832 1497 1959 1558 quod
1993 1498 2161 1543 amoris
2196 1500 2245 1543 &
2281 1494 2424 1541 chari-

430 1565 549 1619 tatis,
587 1565 636 1609 80
661 1562 725 1609 est
748 1578 912 1608 verum
944 1565 1069 1625 quod
1094 1563 1218 1619 fidei,
1257 1578 1363 1625 quae
1395 1561 1566 1608 faciunt
1600 1563 1648 1608 id
1687 1562 1817 1624 quod
1839 1562 2037 1609 Ecclesia
2076 1563 2260 1617 dicitur,
2297 1561 2428 1623 quod

426 1645 565 1676 omne
588 1628 762 1675 bonum
788 1645 813 1674 a
834 1629 1060 1684 Domino,
1086 1629 1136 1675 &
1158 1629 1285 1691 quod
1309 1643 1447 1675 omne
1469 1642 1631 1674 verum
1658 1643 1683 1673 a
1703 1627 1929 1683 Domino,
1955 1640 2117 1675 notum
2143 1627 2223 1683 est,
2248 1627 2424 1673 bonum

427 1698 477 1743 &
501 1711 661 1742 verum
686 1694 813 1758 quod
849 1694 905 1741 ab
936 1694 1123 1742 homine
1151 1711 1244 1742 non
1281 1693 1344 1741 est
1378 1693 1553 1741 bonum
1580 1695 1628 1740 &
1653 1708 1850 1748 verum3
1895 1693 2000 1740 inde
2040 1706 2164 1757 patet
2197 1693 2322 1757 quod
2359 1708 2426 1738 re-

409 1763 706 1825 demptionis
743 1761 942 1824 pretium
981 1774 1158 1808 tantum
1200 1761 1255 1808 fit
1289 1760 1411 1824 apud
1449 1761 1704 1817 hominem,
1739 1771 1964 1823 quantum
1999 1761 2036 1806 is
2070 1761 2260 1823 recipit:
2306 1759 2426 1821 apud

429 1829 636 1890 Judaeos,
677 1829 895 1891 quoniam
920 1828 1201 1892 Redemptio
1223 1825 1422 1875 Domini
1445 1839 1539 1874 13111
1566 1842 1728 1890 parum
1753 1825 1972 1873 aestimata
1994 1824 2099 1883 fuit,
2144 1838 2196 1873 ut
2219 1827 2301 1872 vix
2324 1825 2430 1872 effet

430 1894 617 1957 aliquid,
666 1894 770 1941 ideo
809 1894 976 1941 dicitur
1011 1894 1132 1958 apud
1159 1894 1430 1951 Sachariam,
1482 1899 1514 1921 “
1537 1895 1650 1940 Dixi
1690 1892 1748 1940 ad
1788 1893 1904 1948 illos,
1942 1893 1974 1939 fi
2011 1893 2186 1940 bonum
2213 1893 2259 1939 in
2284 1892 2429 1939 oculis

431 1961 602 2017 vestris,
628 1960 730 2007 date
754 1962 1007 2008 mercedem
1033 1976 1198 2017 meam,
1233 1962 1282 2008 <Sc
1307 1961 1340 2007 fi
1364 1977 1474 2018 non,
1510 1961 1726 2016 omittite,
1761 1959 1811 2006 &
1835 1959 2147 2022 appenderunt
2171 1958 2430 2006 mercedem

433 2043 599 2082 meam,
641 2029 824 2089 triginta
848 2036 1081 2089 argenteos,
1122 2029 1171 2073 δε
1197 2027 1315 2074 dixit
1338 2026 1542 2088 Jehovah
1575 2026 1633 2074 ad
1668 2043 1759 2082 me,
1802 2025 1971 2089 projice
1995 2025 2109 2072 illud
2130 2026 2186 2073 ad
2210 2025 2428 2088 figulum,

434 2093 786 2156 magnificentiam
813 2095 967 2155 pretii,
1009 2109 1103 2156 quo
1140 2092 1384 2141 aestimatus
1409 2094 1508 2140 sum
1543 2094 1662 2157 apud
1687 2093 1836 2149 illos,”
1876 2109 1926 2138 x}
1949 2110 1959 2138 :
1984 2110 2055 2141 12.
2089 2110 2177 2155 133
2206 2094 2275 2140 -&
2310 2091 2432 2154 apud

433 2159 732 2216 Matthaeum,
772 2165 805 2186 “
830 2159 1095 2207 Sumserunt
1117 2161 1323 2222 Trtginta
1345 2171 1578 2223 argenteos,
1605 2162 1794 2221 pretium
1817 2158 2028 2219 aestimati,
2068 2175 2208 2221 quem
2231 2169 2431 2204 emerant

431 2243 457 2273 a
490 2227 591 2272 filiis
617 2226 800 2282 Israelis,
842 2227 891 2273 &
921 2226 1143 2274 dederunt
1177 2243 1261 2290 pro
1293 2243 1403 2290 agro
1427 2226 1576 2290 figuli,
1618 2226 1730 2274 sicut
1754 2222 1974 2288 praecepit
2010 2225 2122 2271 mihi
2146 2224 2428 2278 Dominus,''

433 2307 575 2338 xxvn
597 2311 608 2338 ε
635 2310 724 2346 10,
771 2293 958 2353 triginta
991 2293 1118 2354 quod
1143 2293 1197 2339 fit
1219 2309 1383 2355 parum
1418 2306 1470 2339 ut
1493 2294 1590 2339 vix]
1607 2293 1797 2354 aliquid,
1838 2292 2045 2337 videatur
2079 2307 2134 2337 n:
2159 2307 2213 2337 22
2226 2290 2284 2352 76
2307 2311 2320 2344 ·,
2363 2291 2430 2334 113

433 2356 561 2420 quod
585 2357 738 2416 Judaei
763 2373 852 2402 non
879 2356 1196 2404 aestimaverint
1218 2360 1466 2420 quicquam
1491 2359 1709 2404 meritum
1733 2359 1782 2403 &
1816 2357 2176 2418 redemptionem
2204 2356 2427 2407 Domini3

433 2437 478 2471 at
498 2422 578 2485 qui
611 2421 802 2468 credunt
834 2436 973 2468 omne
997 2421 1170 2469 bonum
1195 2422 1246 2469 &
1270 2438 1407 2468 omne
1426 2438 1590 2468 verum
1614 2439 1639 2468 a
1662 2423 1885 2476 Domine,
1925 2421 2047 2483 apud
2069 2421 2168 2467 illos
2194 2420 2427 2482 Redemp-

433 2489 569 2536 tionis
605 2489 803 2550 pretium
842 2487 1118 2550 significatur
1150 2505 1230 2552 per
1269 2487 1581 2552 quadraginta,
1622 2488 1671 2534 ὅτ
1710 2487 1756 2533 111
1792 2486 2006 2550 superiori
2048 2487 2192 2550 gradu
2215 2502 2295 2550 per
2319 2501 2428 2549 qua-

435 2556 688 2618 dringenta.

504 2622 645 2686 2967.
682 2619 974 2668 Transeuntis
1000 2620 1256 2677 mercatori,
1298 2619 1425 2683 quod
1450 2618 1672 2683 significet
1705 2618 2016 2682 applicatead
2041 2619 2224 2666 illorum
2248 2618 2429 2674 statum,

436 2689 632 2735 constare
669 2687 815 2751 potest
860 2703 886 2734 a
923 2685 1246 2750 significatione
1282 2689 1560 2743 mercatoris,
1620 2686 1668 2732 ὅτ
1717 2685 1822 2731 inde
1862 2683 2123 2746 transeuntis
2162 2687 2431 2740 mercatori·‚

437 2766 656 2802 mercator
680 2756 726 2800 in
748 2752 904 2800 Verbo
927 2752 1150 2817 significat
1174 2753 1273 2800 illos
1297 2754 1376 2816 qui
1400 2752 1567 2800 habent
1591 2752 1872 2816 cognitiones
1895 2751 2003 2798 boni
2027 2749 2077 2799 &
2100 2753 2211 2807 veri,
2238 2753 2285 2797 δε
2312 2767 2443 2798 mer--

436 2833 586 2868 catura
624 2819 735 2883 ipsas
773 2819 868 2866 illas
905 2820 1202 2883 cognitiones,
1245 2821 1349 2867 inde
1386 2831 1624 2883 argentum
1664 2817 1875 2866 transiens
1915 2819 2167 2874 mercatori,
2210 2817 2430 2880 significat

437 2903 598 2934 verum
620 2899 842 2949 quantum
867 2887 1004 2949 recipi
1027 2886 1189 2949 potest,
1227 2885 1299 2932 seu
1323 2888 1449 2949 quod
1472 2886 1614 2942 idem,
1650 2885 1869 2948 applicate
1893 2884 1949 2931 ad
1972 2883 2166 2946 cujusvis
2191 2884 2355 2930 statum
2380 2879 2429 2931 Sc
2453 2897 2466 2913 ²

437 2951 734 3008 facultatem,
783 2952 910 3015 quod
944 2950 1134 3016 adjectio
1165 2954 1265 2999 haec
1301 2952 1471 3016 aliquid
1505 2953 1651 2999 arcani
1681 2951 1902 3008 involvat,
1943 2949 2130 3014 quisque
2163 2949 2315 2996 videre
2347 2966 2430 3012 po·-

356 3027 364 3033 ““
437 3019 557 3074 1011,
596 3019 653 3066 de
677 3019 1000 3082 significatione
1036 3020 1293 3066 mercatoris
1319 3021 1367 3066 δε
1392 3028 1657 3066 mercaturae
1682 3018 1910 3081 sequitur:
1953 3017 2079 3080 quod
2114 3028 2264 3062 autem
2292 3016 2431 3079 ipsam

439 3100 535 3131 rem
571 3087 744 3141 attinet,
785 3085 859 3132 illa
890 3084 932 3132 se
972 3087 1032 3132 ita
1054 3085 1219 3142 1131101,
1255 3102 1414 3133 omnes
1451 3086 1528 3148 qui
1568 3082 1868 3131 reformantur
1903 3084 1950 3130 &
1975 3095 2304 3145 regenerantur,
2347 3081 2430 3127 do-

440 3162 601 3196 nantur
624 3147 837 3199 charitate
860 3153 910 3199 &
932 3151 1023 3199 fide
1044 3167 1069 3199 a
1090 3153 1316 3209 Domino,
1351 3151 1424 3198 sed
1449 3150 1638 3215 quisque
1659 3150 1908 3197 secundum
1943 3148 2064 3195 suam
2099 3147 2357 3195 facultatem
2382 3149 2431 3194 δε

439 3216 568 3264 suum
600 3215 796 3274 statum,
831 3217 932 3266 sunt
952 3220 1074 3268 enim
1100 3219 1219 3267 mala
1243 3221 1291 3269 &
1317 3217 1436 3277 falsa,
1474 3218 1657 3282 quibus
1680 3216 1721 3265 se
1756 3217 1898 3264 homo
1920 3215 2097 3262 *imbuit
2135 3214 2192 3261 ab
2230 3211 2432 3271 infantia,

2331 3295 2438 3342 quae
