2872 3730
650 200 997 266 CAPUT
1050 198 1610 262 VIGESIMUM
1662 199 2177 267 TERTIUM.
2363 225 2447 283 91

442 350 506 383 n:
539 338 678 399 1837.
738 334 885 399 Qod
922 331 1140 381 ultimum
1167 329 1401 394 judicium
1440 329 1494 378 fit
1529 327 1746 377 ultimum
1770 341 1954 394 tempus
1972 332 2203 390 Ecclefiae,
2241 351 2439 399 11:900.

515 420 555 451 1.
582 407 635 452 18
674 419 719 451 o.
747 418 891 449 2111.
918 402 1060 448 2118.

441 419 536 516 '932
581 418 670 529 145
688 464 829 514 Vers:
848 417 900 525 ῖς».
923 459 1192 526 .Peregrinus
1214 462 1270 512 ξε)
1294 463 1430 510 incola
1452 479 1526 525 ego
1548 463 1778 526 vobiscum,
1812 461 1912 510 date
1946 463 2051 510 mihi
2082 464 2346 528 poffi’ffionem
2364 468 2433 525 J&-

428 486 607 598 pulciri
627 534 856 596 vobifium,
889 529 1158 593 &sepeliam
1180 540 1390 590 mortuum
1413 545 1545 577 meum
1568 547 1596 576 a
1620 546 1760 577 coram
1782 545 1859 577 me.
1929 530 2196 592 Peregrinus
2219 532 2267 578 δε
2293 534 2436 580 incola

435 617 529 664 ego
551 598 806 654 vobiscum,
841 596 1065 660 fignificat
1087 595 1250 643 statum
1272 596 1459 643 illorum
1482 597 1706 659 primum,
1741 595 1869 659 quod
1891 597 2069 643 tametsi
2093 597 2323 644 Dominus
2347 599 2432 645 illis

437 666 642 730 ignotuS‚
675 662 814 727 usque
837 664 960 727 apud
986 661 1085 711 illos
1108 662 1191 710 effe
1214 663 1356 726 poffet
1376 681 1388 711 ε
1424 663 1528 710 date
1552 662 1664 710 mihi
1689 663 1999 726 pofleflionem
2032 662 2254 726 sepulchri
2285 664 2432 711 vobis-

436 747 564 787 cum,
609 730 836 795 fignificat
873 729 1002 793 quod
1047 730 1294 793 regenerari
1334 729 1537 793 pofl'ent:
1587 730 1637 777 δε
1676 728 1883 793 sepeliam
1930 742 2165 777 mortuum
2214 746 2368 777 meum
2409 747 2431 778 a

433 813 591 845 coram
614 814 707 855 me,
742 792 965 860 fignificat
1000 797 1129 861 quod
1169 795 1229 843 fic
1251 812 1277 843 a
1300 796 1447 853 noete,
1483 812 1592 860 quae
1631 795 1754 859 apud
1795 795 1913 853 illos,
1947 807 2198 859 emergeret
2221 796 2268 844 δε
2294 795 2431 843 τείῖιῑΝ

469 876 575 912 eret.
1722 882 1726 885 ’

370 985 374 987 ,
433 879 468 931 g
501 946 648 994 2915.
680 926 953 995 Peregrinus
973 929 1025 978 &
1050 928 1198 977 incola
1217 944 1308 992 ego
1327 927 1583 989 vobiscum,
1619 928 1748 992 quod
1780 928 2003 992 significet
2041 927 2210 977 statum
2246 926 2428 977 illorum

430 998 656 1062 primum,
691 997 820 1063 quod
849 995 1024 1045 tametsi
1048 996 1297 1056 Dominus,
1333 996 1421 1045 illis
1462 996 1648 1060 ignotus
1685 994 1824 1059 usqoe
1859 996 1980 1059 apud
2016 993 2118 1042 illos
2153 995 2236 1043 effe
2271 996 2429 1060 poffet,

429 1062 605 1112 constat
625 1079 654 1111 a
674 1062 1059 1128 repraesentatione
1082 1062 1350 1119 libramini,
1383 1063 1514 1127 quod
1536 1062 1589 1110 fit
1611 1063 1860 1118 Dominus,
1896 1063 1955 1110 de
1977 1078 2066 1126 qua
2082 1062 2248 1127 ¹saepius
2272 1063 2395 1126 prius
2414 1080 2430 1115 ⁴.

431 1131 482 1179 δε
505 1146 532 1177 a
554 1126 878 1194 significatione
899 1129 984 1177 effi:
1013 1130 1279 1194 peregrinus
1304 1129 1412 1188 ilus,
1445 1129 1495 1176 δε
1536 1129 1620 1176 effe
1659 1128 1809 1176 incola
1847 1129 1949 1186 illis,
1985 1128 2114 1192 quod
2153 1129 2206 1176 fit
2246 1130 2430 1192 ignotus

430 1195 534 1252 effe,
567 1196 618 1244 δι
642 1191 782 1259 usque
801 1196 924 1259 apud
945 1195 1048 1243 illos
1068 1196 1153 1244 efle
1174 1217 1188 1251 ³
1222 1195 1353 1259 quod
1383 1195 1457 1242 hie
1481 1193 1625 1242 sensus
1648 1195 1850 1242 internus
1882 1195 1953 1252 fit,
1990 1206 2112 1258 patet
2134 1194 2189 1242 ab
2213 1195 2299 1243 illis
2321 1212 2428 1259 quae

466 1259 717 1318 raecedunt,
750 1261 802 1309 δε
841 1277 949 1325 quae
986 1260 1265 1325 sequuntur;
1316 1262 1465 1324 agitur
1502 1262 1628 1309 enim
1674 1261 1732 1308 de
1771 1277 1890 1310 nova
1925 1261 2139 1318 Ecclesia,
2175 1263 2226 1310 δε
2260 1263 2306 1310 in
2342 1262 2429 1310 hoc

430 1277 578 1376 ger-su
610 1328 667 1375 de
686 1328 840 1392 primo
860 1326 956 1392 ejus
978 1326 1110 1385 statu,
1143 1329 1227 1392 qui
1249 1328 1351 1376 talis
1372 1326 1453 1386 est,
1487 1329 1615 1392 quod
1647 1329 1860 1376 omnium
1887 1329 2040 1393 primo
2062 1328 2147 1376 illis
2172 1330 2355 1391 ignotus
2376 1328 2431 1376 sit

429 1392 681 1453 Dominus,
716 1393 792 1442 sed
827 1393 986 1458 usque,
1033 1395 1142 1458 quia
1180 1394 1227 1442 in
1267 1393 1392 1443 bono
1426 1394 1670 1451 charitatis,
1705 1395 1755 1443 &
1790 1395 1943 1457 quoad
1975 1395 2118 1442 vitam
2154 1395 2339 1442 civilem
2381 1397 2427 1443 in

417 1457 549 1524 justo
569 1461 620 1508 ὅτ
639 1475 793 1524 aequo,
826 1461 878 1508 &
915 1461 1069 1525 quoad
1115 1460 1336 1509 moralem
1374 1462 1422 1508 in
1457 1460 1644 1509 honesto
1665 1461 1716 1509 &
1740 1461 1925 1519 decoro,
1962 1463 2142 1518 vivunt,
2179 1461 2284 1508 tales
2307 1460 2425 1517 sunt,

430 1538 484 1574 ut
505 1525 629 1589 apud
650 1527 752 1574 illos
773 1527 1006 1576 Dominus
1026 1526 1114 1573 effe
1142 1528 1294 1589 polilt,
1330 1526 1561 1589 praesentia
1580 1528 1703 1574 enim
1726 1524 1919 1575 Dbmini
1941 1528 2063 1591 apud
2101 1527 2336 1575 hominem
2363 1528 2428 1581 est

344 1616 347 1619 ·
428 1592 479 1638 in
500 1590 640 1647 bone,
674 1589 855 1638 &ideo
885 1589 1079 1654 injusto
1096 1590 1327 1654 &‘aequo,
1362 1593 1414 1639 δε
1451 1608 1591 1654 porro
1625 1593 1671 1639 in
1710 1593 1897 1640 honesto
1925 1595 1975 1640 δε
2008 1594 2203 1641 decoro:
2241 1594 2427 1653 (Hone-

410 1652 551 1705 'stum
573 1652 638 1705 est
664 1655 937 1720 complexus
955 1657 1172 1704 omnium
1192 1657 1422 1705 virtutum
1447 1657 1709 1715 moralium,
1742 1659 1980 1706 Decorum
2017 1658 2083 1706 est
2115 1659 2258 1707 modo
2282 1657 2428 1708 forma

427 1722 548 1772 illius
565 1725 603 1785 :)
637 1739 743 1772 narn
781 1722 883 1772 haec
911 1721 1024 1772 <sunt
1063 1722 1198 1781 bona,
1244 1739 1354 1787 quae
1398 1723 1647 1773 succedunt
1687 1724 1865 1782 ordine,
1908 1725 1957 1773 &
1995 1724 2098 1772 sunt
2135 1725 2267 1788 plana
2304 1727 2428 1790 apud

426 1790 682 1848 hominem,
717 1789 850 1854 super
875 1789 1048 1855 quibus
1073 1806 1101 1838 a
1119 1791 1332 1839 Domino
1366 1787 1587 1839 fundatur
1618 1789 1904 1848 conscientia,
1937 1791 1990 1840 ὅτ,
2009 1791 2335 1855 consequenter
2357 1794 2427 1840 in-

423 1856 675 1920 telligentia
696 1858 745 1906 &
769 1856 1007 1922 sapientia:
1034 1858 1119 1922 qui
1155 1869 1312 1906 autern
1351 1858 1400 1906 in
1439 1856 1527 1906 illis
1555 1874 1652 1907 non
1682 1857 1799 1916 sunt,
1815 1911 1818 1914 ⁴
1837 1873 2001 1922 nempe
2023 1875 2080 1906 ex
2102 1859 2238 1907 corde
2261 1871 2337 1907 aut
2360 1858 2427 1908 af—

426 1921 642 1982 feffione,
677 1923 764 1972 illis
785 1940 878 1972 non
901 1923 1156 1973 inseminati
1185 1923 1333 1989 potest
1364 1921 1537 1990 aliquid
1565 1924 1694 1983 caeli,
1728 1924 1908 1973 nullum
1931 1924 1995 1974 est
2016 1925 2223 1989 planum,
2259 1940 2342 1974 nec
2363 1927 2428 1976 est

426 1989 614 2049 humuS,
650 1990 712 2038 ita
734 2006 827 2053 non
847 1991 1065 2056 recipiens
1082 2013 1099 2048 ι
1133 1994 1183 2043 &
1213 1991 1324 2056 quia
1356 2007 1450 2040 non
1492 1991 1748 2040 inseminati
1785 1989 1934 2056 potest
1970 1991 2143 2056 aliquid
2181 1993 2308 2051 coeli,
2343 2009 2428 2042 nec

425 2052 575 2121 potest
599 2055 662 2103 ibi
681 2058 914 2106 Dominus
931 2057 1126 2122 praessns
1147 2057 1232 2106 effe
1252 2080 1268 2115 3
1300 2058 1538 2122 praesentia
1557 2059 1754 2107 Domini
1776 2058 2049 2123 praedicatur
2073 2057 2321 2108 secundum
2346 2060 2427 2110 bo-

425 2138 561 2179 num,
594 2121 684 2172 hoc
721 2123 803 2181 est,
853 2122 1105 2173 secundum
1145 2123 1254 2174 boni
1287 2125 1571 2189 qualitatem,
1605 2125 1794 2190 qualitas
1833 2125 1943 2174 boni
1979 2125 2230 2174 secundum
2261 2126 2430 2177 statum

425 2190 717 2304 Qoefflffiae’
751 2190 919 2239 amoris
947 2189 998 2240 &
1020 2191 1263 2250 charitatis,
1297 2193 1374 2240 eui
1405 2207 1511 2241 vera
1540 2191 1650 2242 fidei
1685 2191 1954 2258 implantata
1984 2192 2086 2240 sunt
2124 2191 2200 2242 seu
2234 2193 2426 2258 implan-

426 2268 512 2304 tan
633 2268 732 2305 unt.
1389 2298 1392 2300 .

495 2272 640 2384 236.
677 2323 826 2386 Qod
858 2322 962 2371 date
997 2324 1121 2372 mihi·
1144 2324 1457 2388 polieffionem
1497 2325 1719 2389 sepulchri
1755 2324 2011 2381 vobiscum,
2046 2325 2271 2389 significet
2297 2326 2426 2388 quod

427 2387 675 2450 regenerari
698 2389 880 2451 poffint,
914 2388 1087 2437 constat
1111 2405 1139 2436 a
1164 2390 1492 2452 significatione
1513 2391 1781 2455 Sepulchri;
1817 2391 2104 2454 sepulchrum
2138 2393 2185 2437 in
2210 2390 2331 2437 sensu
2356 2392 2425 2438 in-

423 2465 558 2501 terno
569 2450 720 2500 Verbi
741 2452 964 2516 fignificat
983 2454 1128 2501 vitam
1152 2454 1227 2502 seu
1248 2456 1442 2512 coelum,
1477 2457 1528 2503 &
1550 2457 1597 2503 in
1620 2456 1830 2519 oppofito
1852 2455 1975 2503 sensu
2008 2468 2205 2504 mortem
2239 2457 2316 2504 seu
2355 2457 2426 2504 in·-

423 2517 640 2574 fernum3
674 2521 804 2582 quod
824 2518 970 2566 vitam
993 2518 1067 2567 seu
1086 2520 1281 2578 coel-um,
1313 2520 1443 2570 causa
1461 2520 1544 2579 est,
1577 2524 1685 2585 quia
1707 2521 1898 2585 Angeli,
1932 2524 2014 2585 qui
2032 2522 2077 2569 in
2101 2521 2225 2570 sensu
2248 2523 2428 2572 interno

425 2583 576 2633 Verbi·
592 2582 710 2642 sunt,
744 2584 917 2633 nullam
937 2586 1087 2633 ideam
1110 2585 1333 2649 sepulchri
1355 2586 1561 2645 habeant,
1592 2589 1702 2652 quia
1737 2588 1910 2636 nullam
1950 2589 2128 2647 mortis,
2161 2605 2299 2653 quare
2322 2589 2427 2638 loco

424 2648 647 2716 sepulchri
686 2666 778 2700 non
814 2651 938 2700 aliud
977 2652 1234 2716 percipiunt
1270 2669 1412 2717 quam
1449 2655 1839 2704 continuationem
1871 2656 1998 2712 vitae,
2049 2655 2110 2706 ita
2144 2654 2424 2704 resurreetio-

346 2756 354 2766 .
423 2733 533 2766 nem
551 2740 572 2774 ·,
605 2716 804 2782 resurgit>
818 2718 942 2766 enim
966 2718 1109 2768 homo
1128 2720 1280 2783 quoad
1303 2719 1531 2785 spiritum,
1563 2721 1616 2769 8c
1640 2720 1848 2786 sepelitur
1878 2721 2030 2786 quoad
2051 2735 2236 2786 corpus,
2271 2722 2426 2770 videa·

425 2795 502 2832 tur
523 2801 555 2831 n
569 2801 591 2832 :A
613 2788 739 2848 1854
758 2806 775 2841 ;
808 2781 865 2833 δι
885 2786 992 2849 quia
1014 2785 1240 2850 sepultura
1261 2786 1486 2851 fignificat
1508 2786 1894 2846 resurrectionem,
1930 2789 2066 2837 etiam
2102 2789 2325 2853 fignificat
2357 2805 2425 2836 re-

419 2852 783 2915 generationem,
817 2867 933 2901 nam·
966 2855 1244 2916 regeneratio
1262 2854 1328 2903 est
1354 2855 1504 2918 prima
1542 2853 1740 2902 hominis
1775 2854 2051 2913 resurreffio,
2088 2856 2284 2904 moritur
2302 2856 2425 2902 enim

424 2929 537 2966 tunc
569 2919 724 2982 quoad
761 2918 962 2983 priorem
998 2919 1252 2978 homine-m,
1287 2921 1343 2970 δε-
1362 2920 1553 2985 resurgit
1590 2922 1742 2985 quoad
1778 2937 1956 2971 novum
1973 2944 1990 2978 3
2026 2938 2107 2986 per
2127 2922 2426 2986 regeneratio-

414 2998 528 3041 nem
550 2984 773 3033 fit-homo
791 3002 817 3033 a
841 2997 1028 3036 mortuo
1048 2987 1220 3042 vivus;
1257 2987 1365 3035 inde-
1399 2982 1668 3051 significatio
1709 2987 1930 3052 sepulchri
1967 2990 2013 3036 in
2051 2987 2174 3036 sensu
2215 2989 2390 3036 interno
2408 3011 2425 3044 ς

423 3064 535 3097 cum
567 3051 668 3099 idea
688 3050 913 3115 sepulchri
943 3051 1124 3111 sistitur,
1158 3055 1288 3117 quod
1319 3053 1532 3104 obveniat
1553 3055 1748 3119 Angelis
1778 3054 1880 3103 idea
1911 3055 2272 3118 regenerationis,
2308 3067 2431 3117 patet

419 3130 607 3180 quoque
629 3117 689 3166 ab
708 3119 813 3181 illis,
849 3134 960 3183 quae
979 3119 1038 3167 de
1060 3117 1320 3179 infantibus»,
1356 3138 1416 3170 n:
1445 3138 1594 3187 2299,
1628 3121 1763 3169 relata
1785 3121 1899 3170 sunt.
1953 3120 2103 3186 Qod
2127 3120 2429 3184 Sepulchrum

403 3180 469 3227 ·in
491 3182 702 3249 opposito
720 3184 844 3237 sensu
867 3185 1090 3250 fignificet
1110 3199 1308 3238 mortem
1332 3187 1407 3237 seu
1430 3186 1679 3247 infernum,
1714 3187 1820 3237 inde
1842 3187 1906 3237 est
1928 3189 2035 3253 quia
2058 3187 2166 3236 mali
2188 3185 2430 3250 resurgunt

1486 3254 1550 3303 M
1575 3271 1604 3305 2
2338 3266 2434 3300 non
