2872 3730
557 255 1521 332 CAPUT'VIGESIMUM
1572 252 2169 329 SECUNDUM.
2308 274 2390 347 35

445 403 588 449 2808.
623 398 811 446 Iverunt
845 395 983 445 ambo
1019 395 1084 444 illi
1122 411 1228 452 una,
1265 395 1393 459 quod
1417 393 1639 459 significet
1671 394 1927 442 unitionem
1960 393 2107 444 adhuc
2140 393 2379 441 arffiorem

371 462 596 531 quantum
620 464 842 528 poffibile,
877 463 1080 512 constare
1118 462 1267 527 potest
1306 461 1472 525 absque
1515 461 1846 526 explicatione;
1880 460 2008 524 quod
2046 460 2119 507 hic
2158 460 2377 523 significet

373 532 627 581 unitionem
651 531 906 588 atffior'em,
939 530 1004 578 est
1026 531 1136 594 quia
1156 530 1319 577 iterum
1345 529 1530 586 dicitur,
1565 528 1774 575 videatur
1796 544 1858 576 n:
1886 531 2031 577 2800.

271 603 278 607 ³
336 636 340 639 «
442 601 586 663 2809.
621 596 764 647 Ver-s:
793 616 838 664 9.
892 599 957 646 Et
987 608 1194 645 venerunt
1217 597 1278 644 ad
1296 596 1446 652 locum,
1481 611 1598 661 quem
1612 595 1730 650 -dixit
1755 597 1794 642 ei
1811 595 1946 651 Deus,
1983 594 2039 642 Β]
2055 591 2293 652 aedtjficabat
2315 593 2377 639 ibi

371 664 597 715 Abraham
619 663 776 722 altare,
812 664 868 714 δεῖ
890 664 1094 728 dty‘posuit
1127 663 1267 727 ligna,
1303 663 1358 712 ΕΒ
1379 663 1542 726 ligavit
1562 661 1816 726 Jr‘fchakum
1826 660 1970 721 filium
1983 661 2128 724 suum,
2164 659 2220 708 {9⁹
2234 660 2377 722 posuit

369 731 490 779 illum
510 732 645 794 sieper
668 731 825 788 altari,
858 725 1032 795 desuper
1053 731 1184 794 ltgna.
1254 731 1492 783 Venerunt
1527 729 1585 776 ad
1622 728 1797 785 locum,
1833 744 1972 792 quem
2013 726 2130 774 dixit
2169 726 2209 772 ei
2231 726 2372 782 Deus,

370 796 595 861 fignificat
617 797 784 846 statum
808 811 920 846 tunc
943 797 1192 846 secundum
1217 798 1560 862 perceptionem
1584 810 1642 843 ex
1661 796 1839 842 Divino
1855 796 2009 843 Vero:
2046 794 2095 840 ὅτ
2120 792 2379 840 :edificabat-

369 863 436 912 ibi
474 863 627 923 altare,
676 864 901 929 fignificat
941 866 1322 930 praeparationem
1366 863 1579 911 Humani
1609 863 1772 910 Divini
1803 862 2032 910 Domini:
2068 860 2119 908 δε
2159 858 2377 924 disposuit

367 930 510 995 ligna,
562 931 787 995 fignificat
823 930 1046 997 justitiam
1085 947 1194 996 quae
1229 931 1295 978 illi
1331 928 1570 994 adjunsta:
1622 931 1673 978 &
1713 929 1744 976 li
1807 930 1876 976 vit
1913 925 2181 990 Jischakurn
2227 926 2376 974 filium

368 997 523 1056 suum,
559 998 781 1062 fignificat
820 998 989 1047 statum
1028 997 1279 1046 Rationalis
1300 998 1465 1045 Divini
1504 995 1564 1044 fic
1610 1011 1706 1060 quo
1787 996 1965 1043 Verum
2011 993 2200 1042 subituri
2234 1000 2377 1040 tenta-

368 1066 507 1113 tionis
545 1065 735 1114 ultimos
772 1065 969 1130 gradus:
1007 1066 1057 1113 &
1082 1063 1231 1129 posuit
1253 1063 1384 1112 illum
1419 1063 1550 1128 super
1587 1063 1731 1120 altari,
1768 1061 1959 1128 desuper
1980 1062 2122 1127 ligna,
2157 1058 2378 1123 fignificat

369 1132 416 1178 in
438 1132 669 1181 Humano
687 1133 864 1180 Divino
884 1133 976 1180 Cui
993 1132 1188 1195 Justitia.
2358 1136 2360 1141 “

436 1204 583 1249 2810.
620 1199 858 1248 Venerunt
891 1199 950 1247 ad
989 1199 1145 1247 locum
1185 1214 1326 1262 quem
1365 1198 1480 1245 dixit
1516 1197 1741 1253 ei-DeuS,
1784 1196 1912 1261 quod
1952 1196 2174 1261 significet
2213 1193 2377 1243 statum

368 1276 482 1313 tunc
511 1265 772 1312 secundum
810 1267 1151 1330 perceptionem
1192 1281 1250 1312 ex
1270 1266 1450 1313 Divino
1470 1264 1615 1321 Vero,
1651 1263 1825 1312 constat
1847 1280 1872 1311 a
1905 1263 2231 1327 significatione
2270 1261 2376 1319 loci,

369 1331 500 1396 quod
523 1331 578 1379 fit
600 1330 755 1390 status,
790 1332 849 1379 de
870 1348 961 1397 qua
982 1331 1115 1397 supra
1136 1349 1195 1380 n:
1224 1332 1369 1396 2786,
1404 1332 1454 1379 &
1476 1346 1535 1378 ex
1557 1330 1886 1395 significatione
1918 1331 2067 1378 dicere
2089 1331 2134 1376 in
2158 1328 2379 1377 historicis

371 1397 534 1456 Verbi,
569 1399 698 1462 quod
737 1399 792 1446 fit
830 1400 1076 1463 percipere,
1113 1399 1172 1447 de
1208 1414 1301 1463 qua
1336 1397 1455 1463 saepe
1485 1399 1647 1463 prius-‚3
1683 1397 1758 1445 hic
1786 1397 1934 1446 dicere
1957 1397 2103 1453 Deus,
2139 1395 2203 1442 est
2233 1396 2377 1460 perci-

371 1480 478 1530 pere
500 1481 559 1512 ex
579 1465 758 1512 Divino
780 1465 920 1523 Vero,
956 1467 1063 1529 quia
1082 1467 1211 1514 Deus
1234 1466 1402 1513 dicitur
1425 1477 1517 1512 non
1541 1464 1765 1526 Jehovah‚
1801 1481 1860 1513 n:
1889 1464 2034 1527 2586.
2063 1469 2191 1524 2807
2215 1461 2243 1509 f
2253 1482 2265 1512 :

441 1536 585 1582 2811.
637 1532 704 1580 Et
741 1531 999 1580 aedificabat
1034 1531 1098 1579 ibi
1122 1532 1356 1580 Abraham
1391 1532 1543 1587 altare,
1577 1529 1704 1595 quod
1741 1530 1965 1593 significet
2002 1531 2378 1594 praeparationem

371 1599 586 1646 Humani
608 1597 772 1644 Divini
794 1599 1008 1653 Domini,
1044 1596 1219 1645 constat
1240 1612 1265 1644 a
1293 1597 1621 1660 significatione
1643 1596 1834 1654 Altaris,
1869 1597 1920 1645 &
1943 1597 2167 1644 aedificare
2192 1595 2378 1644 Altare:

370 1663 549 1712 Altaria
584 1662 899 1728 significabant
934 1678 1126 1711 omnem
1163 1663 1343 1713 cultum
1377 1665 1424 1710 in
1465 1678 1646 1728 genere,
1682 1663 1805 1727 quia‘
1828 1675 1952 1721 erant
1985 1663 2199 1727 primaria
2230 1661 2380 1710 cultus

370 1730 588 1779 Ecclesiae
624 1729 1019 1794 repraesentativae,
1056 1747 1119 1779 n:
1145 1747 1236 1796 921
1263 1753 1278 1787 ς
1315 1731 1365 1778 &
1388 1731 1497 1796 quia
1519 1745 1706 1778 omnem
1731 1729 1911 1778 cultum
1942 1731 1990 1778 in
2014 1730 2207 1786 Genere,
2243 1729 2379 1794 signi-

369 1796 565 1845 ficabant
602 1798 833 1845 Divinum
873 1798 1154 1846 Humanum
1193 1799 1406 1856 Domini,
1442 1796 1507 1845 est
1541 1798 1665 1845 enim
1703 1797 1932 1845 Divinum
1973 1797 2257 1845 Humanum
2280 1797 2380 1844 Do-

371 1865 488 1912 mini
509 1865 662 1912 omnis
685 1864 836 1912 cultus
859 1866 910 1913 δι
931 1866 1084 1913 omnis
1121 1864 1342 1922 do&rina‚
1378 1863 1519 1929 usque
1561 1863 1674 1912 adeo
1707 1877 1759 1912 ut
1796 1864 1850 1912 sit
1889 1863 1979 1929 ipse
2009 1864 2160 1912 cultus
2201 1865 2250 1911 δῑ
2285 1863 2381 1927 ipsa

370 1930 594 1988 dofftrina,
629 1941 683 1978 ut
720 1930 922 1980 constare
958 1947 1147 1997 quoque
1178 1931 1324 1997 potest
1360 1948 1386 1979 a
1409 1932 1541 1980 Sacra
1563 1932 1728 1990 Coena,
1764 1947 1872 1996 quae
1908 1931 2109 1980 succeffit
2147 1929 2378 1988 altaribus,

370 1996 445 2046 seu
481 1997 748 2046 holocaustis
770 1999 821 2047 &
845 1998 1084 2057 sacrificiis,
1120 2015 1179 2047 n:
1204 2000 1350 2062 2165.
1377 2004 1519 2065 2187.
1547 2015 1572 2048 2
1582 2015 1691 2063 343.
1720 2015 1869 2063 2359,
1902 1997 2003 2046 haec
2026 1998 2090 2046 est
2110 1997 2378 2064 primarium

368 2064 521 2112 cultus
559 2066 750 2125 externi,
775 2067 892 2130 *quia
931 2066 996 2114 est
1033 2067 1262 2115 Divinum
1288 2067 1581 2115 .Hurnanum
1620 2067 1832 2123 Domini,
1884 2065 2013 2129 quod
2057 2064 2120 2112 ibi
2167 2064 2376 2112 donatur.

368 2131 620 2180 AEdificare
659 2132 811 2190 altare,
847 2133 975 2197 quod
1013 2133 1068 2181 fit
1108 2149 1359 2199 praeparare
1396 2134 1676 2181 Humanum
1713 2133 1960 2190 Divinum,
1997 2132 2196 2181 constare
2232 2129 2381 2196 potest

369 2197 492 2256 inde,
527 2199 590 2247 ita
627 2199 791 2264 absque
829 2200 1142 2264 explicatione.
1211 2202 1286 2249 De
1319 2201 1481 2248 ultima
1510 2201 1837 2265 praeparatione
1857 2200 2070 2248 Humani
2093 2200 2255 2247 Divini
2276 2199 2378 2246 Do-

369 2265 486 2313 mini
508 2265 567 2313 ad
588 2264 844 2315 subeundos
866 2268 1126 2316 tentationis
1148 2267 1336 2316 ultimos
1360 2267 1547 2333 gradus,
1583 2268 1629 2315 in
1659 2266 1747 2314 hoc
1770 2265 1915 2315 Versu
1938 2268 2106 2331 agitur,
2143 2268 2192 2314 δε
2215 2265 2378 2313 descri-

371 2329 495 2378 bitur
575 2348 598 2380 1·
619 2334 748 2397 quod
769 2333 1003 2381 Abraham
1027 2333 1293 2398 disposuerit
1315 2335 1456 2399 ligna,
1491 2334 1701 2398 ligaverit
1722 2332 1993 2395 jischakum
2035 2333 2186 2380 filium
2223 2331 2374 2389 suum,

370 2395 421 2444 &
445 2349 644 2460 pollueerit
665 2398 796 2460 super
817 2399 944 2447 altari
967 2400 1157 2464 desuper
1179 2400 1318 2464 ligna.
1939 2426 1944 2430 ·

441 2467 584 2512 2812.
620 2461 686 2510 Et
709 2461 926 2525 disposuit
948 2464 1089 2528 ligna,
1123 2467 1252 2528 quod
1277 2464 1500 2528 significet
1518 2464 1740 2528 justitiam
1774 2480 1882 2528 quae
1915 2465 1980 2512 illi
2003 2462 2227 2527 adjundh,
2264 2480 2374 2511 con-

370 2527 455 2577 stat
473 2544 500 2576 a
521 2528 849 2591 significatione
872 2529 1106 2592 lignorum
1130 2529 1397 2588 holocausti,
1432 2532 1560 2594 quod
1599 2530 1686 2579 fint
1725 2532 1942 2578 meritum
1965 2528 2172 2595 justitiae,
2207 2531 2264 2578 de
2287 2547 2377 2595 qua

367 2594 503 2710 {tipra
525 2611 581 2643 n:
610 2599 754 2660 2784.
774 2600 902 2660 2798
925 2617 940 2650 3
977 2598 1026 2643 ὅτ
1051 2595 1286 2660 disponere
1302 2597 1428 2660 ligna
1450 2595 1578 2661 super
1599 2596 1740 2654 altari,
1765 2597 1891 2661 quod
1916 2596 1971 2645 fit
1994 2596 2108 2644 illud
2131 2595 2378 2663 adjungere

427 2677 600 2710 umano
622 2662 832 2718 Divino;
865 2660 1132 2728 adjungitur
1154 2664 1371 2727 meritum
1388 2661 1594 2727 justitiae,
1630 2679 1740 2712 cum
1762 2663 1825 2711 ibi
1848 2663 1928 2721 est,
1965 2665 2012 2712 δι
2039 2680 2098 2712 ex
2120 2679 2231 2712 vero
2265 2681 2375 2713 con-

368 2728 556 2777 fidentia
577 2728 705 2793 quod
740 2728 795 2776 sit
816 2728 905 2777 Illi.
1539 2726 1544 2731 ⁴

438 2800 582 2859 2813.
619 2796 812 2860 Ligavit
835 2795 1104 2858 jischakum
1142 2796 1293 2844 filiurn
1329 2796 1479 2854 suum,
1514 2798 1643 2863 quod
1675 2797 1900 2862 significet
1935 2797 2100 2846 statum
2124 2798 2376 2846 Rationalis

369 2862 531 2910 Divini
564 2861 623 2909 fic
662 2862 815 2926 quoad
838 2879 1000 2911 verum
1025 2862 1214 2910 subituri
1253 2866 1512 2912 tentationis
1553 2865 1742 2913 ultimos
1782 2865 1968 2928 gradus,
2005 2863 2204 2913 constare
2228 2865 2377 2930 potest

350 2944 394 2991 sa
417 2928 740 2993 significatione
760 2929 914 2994 ligare,
950 2943 1053 2993 tum
1077 2928 1280 2992 Jischaki
1304 2930 1386 2978 filii
1409 2930 1507 2988 sui;
1544 2931 1684 2996 ligare
1723 2931 1851 2996 quod
1893 2931 1948 2979 fit
1983 2932 2169 2979 induere
2206 2932 2375 2980 statum

370 2994 590 3043 subeundi
613 2997 872 3044 tentationis
895 2997 1085 3045 ultimos
1117 2997 1303 3061 gradus,
1339 2997 1538 3046 constare
1561 2998 1708 3062 potest
1748 2998 1870 3056 inde,
1906 2999 2033 3062 quod
2056 3000 2135 3062 qui
2161 3000 2206 3045 in
2231 3011 2378 3046 tenta-

369 3061 506 3109 tionis
525 3059 638 3110 statu
659 3060 741 3120 est,
778 3079 870 3111 non
908 3064 1036 3112 aliter
1071 3063 1126 3111 fit
1154 3079 1205 3112 ac
1229 3064 1396 3128 ligatus
1420 3078 1496 3112 aut
1517 3065 1730 3121 vinctus3
1767 3063 1892 3129 quod
1917 3064 2155 3126 Jischakus
2179 3065 2300 3113 filius
2324 3066 2378 3112 sit

369 3127 606 3175 Rationale
644 3130 875 3178 Divinum
916 3131 1130 3189 Domini,
1183 3130 1258 3178 hic
1294 3131 1448 3196 quoad
1483 3132 1680 3188 Verum,
1715 3132 1924 3179 videatur
1947 3149 2009 3180 n:
2039 3136 2182 3181 2802.
2209 3137 2374 3195 28033

367 3206 510 3242 omne
529 3196 765 3245 Rationale
787 3199 1040 3261 genuinum
1065 3196 1264 3246 consistit
1285 3214 1342 3246 ex
1365 3198 1561 3258 bono&
1584 3214 1694 3247 vero
1714 3221 1728 3256 3
1766 3198 2002 3246 Rationale
2025 3199 2254 3245 Divinum
2277 3198 2377 3244 Do=

1442 3265 1486 3314 E
1524 3283 1550 3316 2
2266 3263 2379 3310 mini
2455 3310 2461 3314 .
