2904 3750
238 3160 258 3186 ἶ

626 155 970 241 CAPUT
1013 169 1586 261 VIGESIMUM
1632 172 2142 240 ocTAVUM.
2249 177 2400 265 ,467

389 305 602 376 primum
623 306 814 364 ordinis,
850 306 901 355 &
922 303 1102 352 Verum
1124 302 1179 350 fit
1200 302 1453 350 ultimum:
1496 299 1601 347 inde
1620 297 1702 356 est,
1737 299 1864 362 quod
1889 299 2031 349 homo
2054 318 2111 350 ex
2130 301 2398 355 scientificis,

386 392 497 440 quae
529 375 631 423 sunt
658 390 764 422 vera
784 371 1015 420 Naturalis
1037 371 1253 425 hominis,
1278 368 1328 415 ὅτ
1353 368 1457 414 dein
1481 382 1539 414 ex
1563 365 1887 414 doctrinalibus
1911 383 2016 429 quae
2050 369 2152 416 sunt
2175 386 2282 417 vera
2311 368 2398 430 spi-

388 442 558 491 ritualis
591 441 790 490 hominis
824 439 872 486 in
895 435 1104 487 Naturali
1126 433 1239 498 ejuS,
1278 433 1487 480 inchoare
1519 433 1695 489 debeat,
1731 444 1783 478 ut
1818 433 2020 480 initietur
2056 436 2104 481 in
2143 436 2399 498 intelligen-

388 511 505 559 tiam
541 506 787 572 sapientiae‚
827 504 917 558 hoc
954 501 1036 559 est,
1084 513 1138 548 ut
1171 501 1309 547 intret
1342 501 1389 546 in
1426 500 1573 547 vitam
1611 498 1904 562 spiritualem,
1952 515 2008 547 ex
2042 517 2133 564 qua
2171 502 2314 549 homo
2347 501 2401 548 fit

386 575 551 632 homo,
587 588 832 636 11:3504:
877 581 931 616 ut
970 583 1056 632 pro
1095 565 1331 630 exemplo,
1379 575 1431 613 ut
1478 565 1623 619 homo
1656 567 1790 630 possit
1838 565 1950 617 sicut
1987 564 2222 630 spiritualis
2258 567 2402 617 homo

389 643 538 694 amare
572 639 861 713 proximum,
893 635 1104 699 primum
1129 633 1295 685 discere
1329 632 1466 681 debet
1501 633 1614 697 quid
1647 632 1885 697 spiritualis
1925 649 2055 681 amor
2087 632 2160 679 seu
2192 632 2398 689 charitas,

388 710 442 759 &
465 707 567 771 quis
588 705 865 770 proximus;
907 713 1150 766 antequam
1190 699 1291 748 haec
1326 701 1473 757 novit,
1509 699 1701 764 quidem
1741 715 1917 749 amare.
1927 699 2075 764 potest
2115 702 2401 764 proximum,

389 773 464 822 sed
480 786 533 820 ut
556 771 769 821 naturalis
793 769 953 826 homo,
973 785 1067 815 non
1084 779 1137 816 ut
1160 766 1413 832 spiritualiS,
1428 767 1522 819 ,hoc
1538 766 1619 824 est,
1638 783 1696 815 ex
1715 765 1840 814 bono
1860 767 2070 824 naturali,
2094 783 2189 815 non
2205 782 2260 813 ex
2278 766 2401 814 bono

389 840 607 905 spirituali
625 838 850 894 videatur,
877 853 938 884 n:
966 851 1111 900 3470.
1134 851 1257 899 3471
1278 856 1298 892 3
1342 846 1387 882 at
1407 834 1652 898 postquam
1678 833 1752 881 illa
1762 834 1915 890 novit,
1935 846 2045 881 tunc
2062 833 2402 897 cognitionibus

387 907 507 956 illius
546 907 609 953 rei
645 904 905 970 implantari
939 900 1088 967 potest
1126 900 1353 965 spirituale
1391 899 1568 948 bonum
1600 917 1626 948 a
1659 901 1905 955 Domino,
1951 901 2012 949 ita
2050 900 2093 948 se
2124 900 2260 948 habet
2292 915 2400 947 cum

381 972 605 1022 omnibus
638 972 841 1036 reliquiS,
874 985 982 1034 quae
1017 969 1321 1032 cognitiones,
1361 967 1436 1015 vel
1470 966 1748 1024 doCtrinalia,
1786 967 1860 1014 vel
1901 968 1948 1014 in
1985 983 2148 1031 genere
2171 983 2293 1023 vera,
2332 966 2402 1013 di-

382 1053 571 1089 cuntur.
640 1038 843 1094 Dicitur,
881 1035 1009 1100 quod
1049 1033 1392 1100 cognitionibus
1430 1033 1692 1098 implantari
1725 1047 1862 1097 queat
1899 1034 2078 1081 bonum
2113 1051 2137 1081 a
2170 1033 2401 1090 Domino,

389 1119 495 1155 tum
519 1106 647 1170 quod
669 1120 833 1155 verum
867 1103 922 1150 fit
951 1103 1169 1166 recipiens
1192 1101 1301 1150 boni
1315 1123 1335 1158 3
1377 1102 1458 1165 qui
1494 1116 1587 1148 non
1618 1099 1750 1149 aliam
1782 1100 1933 1149 ideam
1966 1101 2025 1148 de
2048 1099 2405 1165 cognitionibuS,

388 1186 444 1221 ut
466 1174 517 1221 &
543 1173 601 1220 de
622 1172 740 1219 veris
763 1169 946 1226 habent,
983 1184 1124 1232 quam
1158 1168 1289 1231 quod
1323 1167 1409 1215 sint
1443 1183 1511 1215 res
1540 1166 1788 1224 abstraCtae,
1829 1166 2011 1230 qualem
2036 1165 2187 1215 ideam
2216 1182 2403 1231 quoque

391 1240 451 1287 de
475 1236 827 1303 cogitationibus
864 1235 1068 1299 plerique
1103 1234 1286 1292 habent,
1323 1233 1389 1282 illi
1423 1249 1712 1299 nequaquam
1746 1249 1905 1298 capere
1935 1233 2137 1297 poliunt,
2183 1234 2297 1298 quid
2331 1234 2403 1291 fit,

387 1306 521 1370 quod
555 1302 897 1369 cognitionibus
921 1301 1216 1366 implantetur
1254 1300 1451 1358 bonurn,
1486 1302 1535 1349 δε
1559 1301 1689 1365 quod
1722 1315 1884 1348 verum
1920 1300 1974 1348 fit
2006 1301 2223 1365 recipiens
2259 1300 2369 1348 boni
2383 1322 2404 1357 5

391 1372 471 1422 sed
494 1371 728 1421 sciendum
752 1368 878 1434 quod
901 1368 1190 1433 cognitiones
1213 1368 1263 1416 ὅτ,
1285 1383 1391 1419 vera
1416 1383 1508 1415 non
1542 1368 1692 1430 magis
1724 1383 1793 1415 res
1826 1366 2057 1415 abstraftae
2079 1358 2166 1415 smt
2201 1384 2226 1414 a
2256 1365 2403 1431 puris-

390 1438 517 1488 simis
550 1437 817 1494 substantiis,
852 1451 959 1499 quae
982 1431 1084 1482 sunt
1106 1435 1335 1483 Interioris
1358 1435 1555 1482 hominis
1583 1433 1658 1482 seu
1680 1431 1775 1498 ejus
1799 1434 2011 1498 Spiritus,
2035 1450 2175 1498 quarn
2198 1433 2318 1486 vifus
2340 1431 2406 1482 est

385 1498 638 1557 abstrastus
669 1504 727 1552 ab
750 1519 923 1567 organo
942 1500 1027 1555 ¹suo
1055 1500 1134 1549 -seu
1157 1501 1312 1558 oculo,
1349 1513 1427 1548 aut
1450 1501 1630 1548 auditus
1653 1517 1679 1548 a
1700 1500 1780 1549 suo
1809 1516 1986 1565 organo
2019 1501 2094 1549 seu
2128 1517 2268 1555 aure;
2301 1499 2405 1550 sunt
2483 1508 2486 1512 '

391 1574 596 1637 puriores
618 1570 891 1626 substantiae,
916 1584 1024 1632 quae
1046 1568 1198 1624 realeS,
1228 1584 1287 1619 ex
1309 1568 1477 1631 quibus
1500 1565 1714 1624 existunt,
1739 1583 1932 1631 quarum
1955 1566 2406 1632 variationes-formae

392 1640 605 1687 animatae
632 1638 683 1686 &
707 1633 987 1685 modificatae
1009 1650 1106 1698 per,
1125 1634 1355 1682 influxurn
1389 1635 1501 1681 vitae
1536 1649 1562 1680 a
1585 1634 1794 1681 Domino
1826 1634 1902 1682 illa
1933 1634 2107 1692 sistunt,
2149 1636 2199 1683 &
2222 1634 2404 1682 illarum

387 1704 724 1754 convenientiae
747 1702 798 1751 δε
819 1701 1071 1755 harmoniae
1093 1699 1332 1749 successive
1364 1711 1443 1747 aut
1464 1698 1618 1756 fimul,
1643 1698 1763 1756 sunt,
1788 1716 1896 1763 quae
1918 1701 2135 1757 afficiunt,
2162 1717 2211 1749 ac
2235 1701 2406 1749 faciunt

391 1771 443 1820 id
487 1771 615 1835 quod
658 1780 850 1818 vocatur
890 1766 1158 1832 pulchrum,
1204 1782 1455 1823 amaenum,
1506 1765 1558 1814 δε
1593 1763 1856 1828 jucundum
1878 1786 1888 1815 :
1947 1766 2030 1830 ipfi
2071 1767 2265 1831 Spiritus
2305 1767 2408 1816 sunt

393 1836 577 1894 formae,
614 1837 702 1884 hoc
725 1834 806 1892 est,
846 1850 904 1882 ex
927 1834 1154 1883 continuis
1175 1831 1338 1881 formis
1362 1832 1627 1891 confistunt,
1662 1849 1795 1897 aeque
1818 1849 1869 1880 ac
1890 1833 2118 1891 homines,
2142 1834 2214 1881 sed
2239 1851 2296 1881 ex
2319 1851 2406 1900 pu·

394 1903 609 1960 rioribus,
645 1903 697 1951 δε
731 1902 790 1948 ad
813 1899 962 1953 visum
988 1915 1263 1963 corporeum
1296 1899 1371 1948 seu
1402 1899 1527 1947 oculi
1560 1915 1652 1948 non
1677 1899 1961 1964 conspicuis:
2008 1895 2083 1948 sed
2107 1902 2214 1965 quia
2241 1900 2408 1950 formae

395 1969 489 2018 illae
513 1967 586 2017 seu
616 1966 870 2015 substantiae
892 1982 986 2014 non
1009 1965 1265 2030 conspicuae
1288 1963 1391 2013 sunt
1412 1982 1633 2030 corporeo
1654 1967 1810 2026 oculo,
1834 1967 1978 2015 homo
2000 1967 2136 2015 hodie
2166 1984 2259 2016 non
2283 1969 2409 2017 aliter

391 2037 537 2100 capit,
571 2050 712 2099 quarn
736 2033 865 2096 quod
889 2033 1188 2096 cognitiones,
1229 2032 1279 2079 δι
1301 2032 1622 2096 cogitationes,
1657 2033 1744 2081 sint
1772 2035 1848 2082 res
1880 2032 2127 2091 abstraeae,
2164 2034 2269 2083 inde
2284 2035 2409 2100 ¹quo·

395 2118 489 2167 que
523 2101 691 2149 insania
719 2099 858 2148 nostri
884 2097 1053 2156 saeculi,
1089 2097 1217 2163 quod
1240 2114 1334 2146 non
1368 2097 1552 2146 credant
1585 2100 1633 2146 in
1656 2098 1698 2150 se
1729 2098 1940 2162 spiritum
1978 2100 2141 2148 habere
2172 2102 2409 2151 viclururn

396 2168 501 2234 post
525 2180 722 2217 mortem
745 2166 967 2231 corporis,
990 2180 1100 2217 cum
1122 2177 1276 2214 tamen
1298 2163 1374 2213 ille
1395 2163 1459 2213 est
1486 2163 1724 2213 substantia
1748 2168 1894 2229 magis
1917 2167 2069 2214 multo
2094 2167 2242 2226 realis,
2266 2185 2409 2233 quam

397 2234 640 2284 substantia
665 2234 901 2283 materialis
922 2229 1018 2296 ejus
1036 2233 1275 2296 corporis:
1315 2233 1430 2289 imo,
1466 2231 1499 2278 fi
1523 2231 1707 2279 credere
1727 2231 1856 2290 veliS,
1889 2231 1954 2279 est
1975 2233 2170 2296 Spiritus
2204 2236 2307 2298 post
2338 2235 2409 2283 so-

398 2302 623 2349 lutionem
658 2316 686 2348 a
708 2300 936 2364 corporeis
970 2297 1119 2361 ipsum
1152 2298 1267 2347 illud
1299 2314 1466 2362 corpus
1500 2298 1812 2362 purificatum,
1846 2298 1975 2362 quod
2009 2298 2159 2362 plures
2183 2302 2343 2350 dicunt
2365 2303 2409 2352 se

400 2367 634 2416 habituros
669 2378 877 2428 tempore
916 2363 1068 2411 ultimi
1092 2363 1280 2428 judicii,
1335 2380 1446 2413 cum
1485 2365 1692 2428 primum
1739 2366 1781 2411 se
1820 2364 2138 2413 resurrecturos
2184 2367 2405 2418 credunt:

396 2432 532 2498 quod
553 2432 764 2497 Spiritus,
797 2430 871 2479 seu
895 2430 1023 2494 quOd
1047 2431 1190 2488 idem,
1232 2431 1440 2488 Animae,
1474 2446 1665 2495 corpore
1688 2431 1870 2494 praediti
1893 2432 1997 2488 fint,
2037 2431 2079 2478 se
2103 2445 2270 2480 mutuo
2293 2437 2409 2484 utin

401 2501 519 2548 clara
542 2499 615 2546 die
637 2498 840 2556 videant,
872 2499 990 2546 inter
1008 2495 1051 2544 se
1074 2497 1336 2562 loquantur,
1377 2496 1420 2545 se
1451 2509 1617 2545 mutuo
1650 2497 1851 2556 audiant,
1884 2498 1934 2546 δε
1961 2497 2110 2546 multo
2132 2500 2409 2563 exquisitiori

399 2565 524 2615 sensu
555 2565 772 2630 polleant,
806 2581 947 2629 quam
980 2579 1090 2611 cum
1113 2562 1298 2613 fuerunt
1318 2565 1366 2612 in
1391 2578 1416 2612 c
1535 2580 1580 2611 re
1603 2563 1676 2612 seu
1700 2564 1747 2612 in
1771 2564 1967 2622 mundo,
2007 2564 2064 2613 ab
2085 2565 2190 2623 illis,
2224 2583 2331 2631 quae
2353 2569 2411 2618 ab

398 2634 676 2698 experientia
697 2644 793 2680 tam
818 2629 996 2696 copiose
1019 2630 1154 2680 relata
1177 2630 1295 2690 sunt,
1331 2632 1452 2679 mani
1474 2629 1562 2679 este
1582 2630 1783 2679 constare
1805 2631 1969 2696 potest.

471 2715 616 2766 3727·
652 2698 800 2763 Quod
822 2697 1198 2763 significationem
1219 2696 1377 2746 statuae
1403 2699 1579 2756 attinet,
1612 2698 1739 2762 quod
1777 2697 1832 2745 fit
1870 2697 2045 2747 sanetus
2077 2700 2315 2759 terminus,
2350 2702 2413 2750 ita

400 2766 625 2815 ultimum
654 2765 846 2823 ordinis,
880 2764 985 2812 inde
1009 2763 1091 2822 est,
1125 2764 1232 2829 quia
1262 2765 1575 2829 antiquiffimis
1610 2765 1898 2829 temporibus
1928 2766 2213 2830 ponebantur
2243 2769 2413 2832 lapides

403 2832 486 2880 ubi
506 2833 691 2882 termini
713 2847 874 2880 eorum
900 2844 1040 2889 erant,
1076 2833 1158 2896 qui
1181 2831 1547 2880 discriminabant
1568 2834 1703 2879 unius
1732 2832 2042 2896 pofl‘effionem
2076 2846 2154 2881 aut
2176 2834 2414 2883 haeredita·

321 2933 331 2941 .
405 2910 503 2946 tem
536 2898 592 2946 ab
632 2899 830 2956 alterius,
865 2899 915 2948 δε
949 2911 1076 2962 erant
1107 2900 1155 2946 in
1187 2898 1369 2963 fignum
1403 2899 1524 2946 &in
1549 2897 1725 2956 testem,
1761 2899 1887 2963 quod
1923 2898 1986 2946 ibi
2022 2901 2239 2958 termini3
2275 2902 2416 2950 Anti·

405 2966 621 3028 quiffimi,
656 2966 736 3030 qui
772 2967 820 3013 in
845 2965 1031 3030 singulis
1062 2963 1268 3028 objeffis,
1304 2966 1353 3013 δε
1378 2966 1426 3014 in
1459 2965 1646 3030 singulis
1676 2965 1850 3025 statutis
1880 2965 2062 3015 coeleste
2093 2968 2331 3031 quoddam
2364 2969 2414 3014 δε

402 3030 630 3093 spirituale
665 3031 942 3094 cogitabant,
978 3049 1040 3081 n:
1072 3048 1213 3098 1977.
1240 3049 1388 3099 2995,
1423 3034 1560 3080 etiam
1585 3034 1631 3079 in
1667 3031 1737 3080 his
1759 3031 1983 3097 lapidibus
2007 3049 2123 3097 quos
2148 3033 2413 3088 statuebant,

409 3096 672 3159 cogitabant
699 3113 757 3144 ex
790 3098 879 3145 illis
900 3099 959 3145 de
983 3098 1158 3147 ultimis
1180 3100 1228 3146 in
1252 3099 1455 3157 homine,
1491 3098 1683 3162 proinde
1706 3099 1763 3146 de
1785 3099 1952 3146 ultimo
1974 3100 2165 3156 ordinis,
2201 3098 2329 3163 quod
2352 3097 2416 3144 est

406 3177 572 3211 verum
592 3162 641 3211 in
660 3161 872 3213 Naturali
885 3164 1116 3227 ⁴homine:
1152 3164 1211 3214 ab
1231 3165 1571 3229 Antiquiffimis
1594 3164 1700 3222 illis,
1735 3165 1816 3228 qui
1839 3162 2023 3215 fuerunt
2044 3178 2145 3213 ante
2168 3165 2417 3221 diluvium,

1419 3230 1471 3279 N
1487 3245 1520 3278 n
1535 3246 1568 3278 n
1603 3246 1630 3280 2
2168 3230 2419 3280 habuerunt
