2904 3750
477 217 697 313 *336
1075 227 1137 292 G
1233 228 1295 292 E
1365 176 1475 292 Ν
1561 226 1624 292 E
1721 224 1772 291 S
1866 226 1911 291 Ι
1998 225 2066 292 S.

555 359 609 417 fit
638 360 802 415 dolon
840 359 889 408 δε
911 375 968 407 ex
993 358 1599 424 repraesentationeJischaki
1634 360 1683 407 &
1707 358 1948 417 Rebeccae,
1983 359 2110 423 quod
2136 359 2191 409 fit
2215 359 2444 412 Divinum
2471 367 2565 414 Ra-

556 428 721 475 tionale
758 427 952 474 Domini
991 427 1143 490 quoad
1181 428 1410 475 Divinum
1451 429 1633 475 Bonum
1674 427 1723 474 &
1763 427 1989 473 Divinum
2014 427 2227 483 Verum;
2264 429 2310 475 in
2352 428 2565 495 supremo

547 497 679 542 enim
705 493 825 542 sensu
850 493 999 556 agitur
1021 493 1078 540 de
1100 494 1327 550 Domino,
1363 507 1408 542 at
1420 494 1475 541 'in
1496 492 1860 557 repraesentativo
1892 494 1948 541 de
1989 492 2074 541 illis
2104 495 2185 558 qui
2217 494 2318 543 sunt
2351 495 2559 546 similitu-

548 561 683 608 dines
707 572 785 608 aut
806 561 1027 623 imagines
1050 559 1211 623 IpsiuS,
1246 576 1411 625 nempe
1435 562 1481 607 in
1512 559 1724 624 supremo
1757 558 1896 616 sensu,
1931 560 2172 623 quomodo
2195 561 2426 609 Dominus
2451 564 2562 612 Hu-

552 643 748 676 manum
772 627 894 690 apud
920 627 974 673 Se
999 627 1226 673 Divinum
1247 624 1395 684 fecit,
1428 628 1474 673 in
1500 626 1860 689 repraesentativo
1893 626 2131 690 quomodo
2155 628 2387 692 Dominus
2409 628 2559 679 horni-

549 709 667 742 mem
699 704 945 756 regenerat,
982 691 1052 738 seu
1087 691 1319 740 coel'estem
1348 694 1396 740 ὅτ
1431 692 1704 756 spiritualem
1734 690 1876 749 facit;
1911 693 2037 757 quod
2064 696 2340 757 regeneratio
2364 695 2561 745 hominis

559 759 613 807 fit
636 763 791 822 imago
815 758 1157 821 glorificationis
1181 758 1391 815 Domini,
1428 758 1633 806 videatur
1657 775 1687 805 n
1703 777 1717 806 :-
1743 775 1884 822 3043.
1909 764 2049 823 3138.
2073 777 2214 823 3212.
2235 763 2376 826 3296.
2413 763 2561 823 Qod

561 826 692 874 dolor
711 824 849 873 fuerit
874 826 1093 887 primurn,
1130 823 1234 871 inde
1257 824 1336 882 est,
1368 826 1476 889 quia
1498 841 1606 872 cum
1631 841 1735 872 vera
1759 824 2010 872 inferuntur
2035 826 2156 873 bono
2180 828 2385 884 naturali,
2410 831 2563 892 primo

561 892 766 939 dolorem
792 890 972 946 faciant,
1007 903 1257 953 aggravant
1294 892 1416 939 enim
1449 890 1786 947 conscientiam,
1821 892 1870 938 δε
1901 891 2126 940 inducunt
2162 895 2419 951 anxietates,
2455 898 2561 958 quia

551 956 936 1020 «concupiscentiae
970 956 1147 1012 adsunt,
1182 970 1337 1005 contra
1376 974 1486 1020 quas
1523 972 1688 1005 verum
1729 956 1951 1021 spirituale
1989 970 2196 1021 pugnat3
2234 958 2307 1006 sed
2332 961 2463 1009 dolor
2484 962 2559 1011 hic

560 1026 753 1088 primus,
776 1039 854 1086 per
888 1022 1055 1085 gradus
1095 1022 1384 1079 diminuitur,
1420 1025 1469 1070 δε
1500 1024 1683 1070 tandem
1721 1022 1974 1079 evanescit;
2010 1024 2072 1072 est
2097 1024 2208 1072 ficut
2233 1026 2484 1075 invalidum
2510 1030 2561 1077 δι

550 1103 792 1154 aegrotum
811 1104 992 1152 corpuS,
1028 1089 1151 1149 quod
1177 1105 1258 1151 per
1281 1089 1516 1139 dolorifica
1536 1090 1708 1137 sanitati
1741 1089 2066 1138 restituendum
2087 1112 2121 1147 ς,
2138 1107 2248 1140 cum
2272 1093 2318 1140 in
2342 1092 2456 1142 statu
2481 1095 2562 1145 illo

546 1158 642 1215 est,
680 1168 789 1204 tunc
820 1156 860 1204 ei
887 1156 1092 1219 primum
1115 1154 1257 1202 dolor.

563 1310 2566 1429 &QQQQQ&QQQQQQQQQQQQQQQQQ

547 1458 963 1540 'continuatio
1027 1471 1105 1536 de
1170 1472 1724 1561 Correspondentiis
1788 1479 1847 1538 Sc
1896 1471 2564 1560 RepraesentationibUS‚

611 1559 614 1571 ”
990 1566 1368 1654 Cumprimis
1400 1564 1479 1629 de
1502 1565 1616 1630 illis
1649 1590 1785 1654 quae
1813 1566 1879 1630 in
1904 1563 2131 1634 Verbo„

569 1739 730 1796 3472.
848 1721 955 1773 UO
968 1720 1030 1773 D
1066 1719 1224 1772 omnia
1265 1720 1324 1772 &
1340 1719 1554 1790 fingula,
1593 1736 1700 1790 quae
1726 1719 1780 1771 in
1804 1718 1954 1772 Verbi
1978 1719 2121 1792 βψ
2159 1721 2334 1785 literae,
2355 1721 2459 1786 fint
2481 1742 2564 1777 re-

884 1793 1239 1866 praefintativa
1265 1793 1608 1865 spiritualium
1658 1793 1716 1846 &³
1765 1793 2012 1864 coelssium
2052 1795 2213 1865 Regni
2255 1795 2464 1849 Domini
2506 1798 2565 1852 in

564 1863 707 1934 cmlii,
746 1888 806 1922 ac
842 1869 896 1920 in
916 1867 1140 1939 sttpremo
1160 1866 1303 1939 Jerfie
1326 1867 1434 1938 stnt
1471 1867 1873 1938 repraest’ntativa
1907 1867 2051 1937 Ipstus
2094 1869 2317 1931 Domini,
2356 1870 2563 1938 corssare

554 1945 702 2018 potest
725 1942 787 2000 ab
820 1942 917 1995 illis
951 1961 1057 2013 quae
1090 1941 1313 1995 haetenus
1350 1940 1517 2014 osterffa
1536 1940 1675 2010 fient,
1713 1941 1771 1994 δέ
1796 1959 1902 2012 quae
1924 1939 2095 2004 adhuc,
2133 1960 2193 1993 ex
2217 1941 2424 1995 Divina
2446 1944 2561 1997 Do-

550 2019 686 2073 mini
709 2016 1070 2090 Mzstricordia,
1123 2015 1428 2086 ostendenda:
1452 2014 1547 2088 st’d
1576 2015 1694 2086 quia
1731 2013 1857 2067 homo
1894 2024 2009 2067 tam·
2032 2015 2169 2091 ⁴longe
2193 2015 2255 2088 st
2286 2018 2493 2070 removit
2527 2039 2562 2072 a

565 2094 690 2157 coelo,
729 2111 789 2145 ac
806 2091 864 2165 fi’
894 2090 1070 2162 infimae
1104 2102 1312 2152 naturae,
1351 2089 1443 2142 imo
1481 2088 1716 2159 terrestri,
1756 2088 1994 2159 immerfit,
2032 2101 2271 2162 repugnat
2295 2090 2342 2143 ei
2363 2091 2563 2164 prorfits

564 2187 670 2221 cum
708 2165 907 2228 dicitur,
962 2163 1085 2235 quod
1105 2163 1310 2216 Verbum
1347 2163 1528 2216 altiora
1567 2162 1807 2227 recondat,
1860 2183 2013 2235 quam<
2042 2163 2087 2216 is
2125 2183 2184 2216 ex
2220 2165 2370 2218 litera
2407 2168 2558 2238 capit,

505 2267 507 2271 ¹
563 2243 621 2295 &
659 2242 813 2312 magis
845 2257 950 2291 cum
988 2236 1199 2305 dicitur,
1229 2236 1352 2309 quod
1378 2238 1616 2290 contineat
1647 2236 2138 2307 incomprehensibilia,
2175 2237 2301 2291 modo
2323 2258 2429 2310 quae
2447 2243 2562 2293 An-

553 2315 767 2387 gelorum
786 2311 1048 2385 sapientiae
1087 2311 1343 2384 adaequata
1365 2311 1505 2383 fimt,
1543 2311 1603 2365 &³
1640 2310 1795 2364 adhuc
1837 2312 2007 2383 magis,
2046 2311 2169 2384 quod
2203 2310 2306 2384 ipsa
2330 2313 2552 2378 Divina,

561 2409 667 2462 quae
705 2388 891 2459 infinite
924 2386 1210 2438 intellectum
1243 2386 1518 2459 angelorum
1555 2384 1894 2457 transcendunt
1910 2407 1928 2438 .·
1966 2385 2177 2459 agnoscit
2214 2386 2400 2460 quidem
2432 2387 2557 2441 orbis

563 2463 877 2534 Christianus,
921 2459 1044 2532 quod
1071 2459 1276 2514 Verbum
1301 2461 1552 2515 Divinum
1570 2461 1660 2530 fit,
1680 2459 1777 2532 fid
1804 2459 1928 2533 quod
1961 2461 2038 2513 ita
2072 2461 2340 2525 Divinum,
2371 2461 2430 2531 si
2468 2480 2557 2515 non

559 2558 656 2600 ore,
696 2536 834 2607 zffque
872 2534 1008 2588 corde
1046 2546 1191 2607 negat
1210 2561 1228 2600 3
1263 2534 1389 2607 quod
1404 2554 1488 2589 nec
1511 2536 1688 2588 mirum
1713 2534 1788 2602 est,
1827 2535 1942 2606 quia
1966 2535 2203 2606 terrestre,
2243 2535 2296 2587 in
2318 2554 2406 2607 quo
2428 2534 2554 2588 homo

563 2612 695 2664 bodie
717 2609 795 2676 est,
814 2607 1103 2678 ficblimiora
1125 2628 1214 2661 non
1238 2608 1394 2679 capit,
1425 2628 1509 2661 nec
1533 2609 1642 2661 vult
1665 2620 1850 2678 capere.

645 2699 751 2754 347
757 2701 782 2753 3
795 2723 805 2734 .
843 2680 982 2751 Qod
1002 2680 1206 2733 Verbum
1231 2684 1284 2734 in
1308 2682 1454 2734 litera
1478 2682 1604 2734 talia
1630 2682 1684 2733 in
1705 2681 1766 2751 st>
1790 2679 2031 2743 recondat,
2052 2678 2315 2751 spiritibus
2321 2678 2415 2751 stu
2439 2683 2552 2734 ani-

548 2758 740 2820 mabus,
795 2774 898 2826 quae
931 2754 986 2805 in
1023 2753 1230 2807 alteram
1269 2755 1427 2806 vitam
1468 2755 1687 2817 veni-unt,
1709 2753 1894 2824 saepius
1915 2753 2110 2823 ststitur
2146 2752 2401 2806 videndum
2425 2780 2441 2818 ς
2469 2756 2554 2809 ·&

547 2842 670 2884 ='cum
712 2831 793 2883 hoc
812 2828 1031 2897 fabium,
1068 2827 1312 2897 aliquoties
1354 2827 1473 2879 mihi
1511 2827 1677 2878 datum
1714 2825 1774 2896 ss
1815 2826 2041 2897 intereff’,
2078 2836 2135 2877 ut
2169 2826 2373 2898 constare
2407 2829 2557 2900 potest

563 2905 627 2960 ab
650 2905 745 2957 illis
770 2900 1090 2972 experientiis,
1115 2919 1220 2970 quae
1244 2901 1298 2953 in
1316 2901 1476 2952 Parte
1490 2900 1688 2962 Prima,
1723 2901 1810 2952 De
1831 2900 2078 2970 Scriptura
2096 2901 2240 2952 Sacra
2263 2901 2345 2953 seu
2367 2903 2556 2968 VerbO,

556 2979 702 3052 'quod
729 2978 912 3030 Divina
950 2975 1200 3039 recondat,
1239 2992 1350 3046 quae
1384 2985 1552 3045 patent
1591 2991 1760 3025 coram
1787 2974 2045 3044 Spiritibus
2086 2975 2227 3026 bonis
2252 2976 2303 3026 δε
2331 2977 2550 3047 Angelis,

563 3074 632 3106 n:
669 3051 806 3123 1767
833 3048 901 3102 ad
928 3047 1084 3118 1776,
1123 3048 1181 3099 ἐξ
1212 3049 1348 3118 1869
1374 3046 1444 3099 ad
1472 3046 1628 3117 1879,
1666 3046 1982 3117 allataesunt,
2020 3066 2078 3099 ex
2113 3047 2276 3119 quibus
2301 3048 2396 3113 hoc,
2436 3050 2560 3122 quod:

560 3125 830 3181 mediate
838 3123 1086 3196 stquztur,
1115 3122 1484 3193 confirmationis
1505 3120 1669 3193 cansa,
1705 3121 1814 3174 licet
1837 3121 2018 3175 iterum
2039 3122 2244 3192 referre.

2387 3259 2562 3316 3474«
