<?xml version="1.0" encoding="UTF-8"?>
<!DOCTYPE html PUBLIC "-//W3C//DTD XHTML 1.0 Transitional//EN"
    "http://www.w3.org/TR/xhtml1/DTD/xhtml1-transitional.dtd">
<html xmlns="http://www.w3.org/1999/xhtml" xml:lang="en" lang="en">
 <head>
  <title>
</title>
<meta http-equiv="Content-Type" content="text/html;charset=utf-8" />
  <meta name='ocr-system' content='tesseract 3.04.00' />
  <meta name='ocr-capabilities' content='ocr_page ocr_carea ocr_par ocr_line ocrx_word'/>
</head>
<body>
  <div class='ocr_page' id='page_1' title='image "arcanacaelestiaq03sweduoft_0275.png"; bbox 0 0 2904 3750; ppageno 0'>
   <div class='ocr_carea' id='block_1_1' title="bbox 520 222 2329 359">
    <p class='ocr_par' dir='ltr' id='par_1_1' title="bbox 520 222 2329 359">
     <span class='ocr_line' id='line_1_1' title="bbox 520 222 2329 359; baseline -0.001 -22"><span class='ocrx_word' id='word_1_1' title='bbox 520 275 880 341; x_wconf 81' lang='lat' dir='ltr'>CAPUT</span> <span class='ocrx_word' id='word_1_2' title='bbox 931 269 1538 339; x_wconf 83' lang='lat' dir='ltr'>VIGESIMUM</span> <span class='ocrx_word' id='word_1_3' title='bbox 1595 222 2108 359; x_wconf 72' lang='lat' dir='ltr'>QHNTUM.</span> <span class='ocrx_word' id='word_1_4' title='bbox 2199 292 2329 357; x_wconf 83' lang='lat'>271</span> 
     </span>
    </p>
   </div>
   <div class='ocr_carea' id='block_1_2' title="bbox 310 399 2332 3192">
    <p class='ocr_par' dir='ltr' id='par_1_2' title="bbox 327 399 2332 536">
     <span class='ocr_line' id='line_1_2' title="bbox 353 399 2332 467; baseline -0.001 -14"><span class='ocrx_word' id='word_1_5' title='bbox 353 405 432 453; x_wconf 85' lang='lat' dir='ltr'>uia</span> <span class='ocrx_word' id='word_1_6' title='bbox 468 405 761 453; x_wconf 82' lang='lat' dir='ltr'>confirmatio</span> <span class='ocrx_word' id='word_1_7' title='bbox 798 415 892 453; x_wconf 88' lang='lat' dir='ltr'>erat</span> <span class='ocrx_word' id='word_1_8' title='bbox 929 399 1080 467; x_wconf 90' lang='lat' dir='ltr'>quoad</span> <span class='ocrx_word' id='word_1_9' title='bbox 1119 412 1320 464; x_wconf 87' lang='lat' dir='ltr'>tempus,</span> <span class='ocrx_word' id='word_1_10' title='bbox 1370 416 1462 448; x_wconf 88' lang='lat' dir='ltr'>non</span> <span class='ocrx_word' id='word_1_11' title='bbox 1500 400 1666 448; x_wconf 83' lang='lat' dir='ltr'>dicitur</span> <span class='ocrx_word' id='word_1_12' title='bbox 1703 399 1855 457; x_wconf 84' lang='lat' dir='ltr'>hodie,</span> <span class='ocrx_word' id='word_1_13' title='bbox 1906 400 1981 449; x_wconf 89' lang='lat' dir='ltr'>sed</span> <span class='ocrx_word' id='word_1_14' title='bbox 2023 402 2138 451; x_wconf 85' lang='lat' dir='ltr'>ficut</span> <span class='ocrx_word' id='word_1_15' title='bbox 2179 403 2332 461; x_wconf 88' lang='lat' dir='ltr'>hodie,</span> 
     </span>
     <span class='ocr_line' id='line_1_3' title="bbox 327 473 1142 536; baseline -0.004 -17"><span class='ocrx_word' id='word_1_16' title='bbox 327 473 536 520; x_wconf 83' lang='lat' dir='ltr'>videatur</span> <span class='ocrx_word' id='word_1_17' title='bbox 557 489 615 520; x_wconf 90' lang='lat' dir='ltr'>n:</span> <span class='ocrx_word' id='word_1_18' title='bbox 645 488 772 536; x_wconf 84' lang='lat'>3325</span> <span class='ocrx_word' id='word_1_19' title='bbox 795 484 865 535; x_wconf 90' lang='lat' dir='ltr'>pr.</span> <span class='ocrx_word' id='word_1_20' title='bbox 1132 500 1142 511; x_wconf 87' lang='lat'><strong>·</strong></span> 
     </span>
    </p>

    <p class='ocr_par' dir='ltr' id='par_1_3' title="bbox 317 531 2332 1662">
     <span class='ocr_line' id='line_1_4' title="bbox 397 531 2331 603; baseline -0.002 -17"><span class='ocrx_word' id='word_1_21' title='bbox 397 555 541 603; x_wconf 85' lang='lat'><strong>3330.</strong></span> <span class='ocrx_word' id='word_1_22' title='bbox 594 539 659 586; x_wconf 91' lang='lat' dir='ltr'>Et</span> <span class='ocrx_word' id='word_1_23' title='bbox 696 535 909 598; x_wconf 30' lang='lat' dir='ltr'>vendidit*</span> <span class='ocrx_word' id='word_1_24' title='bbox 941 534 1349 597; x_wconf 83' lang='lat' dir='ltr'>primogenituram</span> <span class='ocrx_word' id='word_1_25' title='bbox 1386 531 1509 580; x_wconf 87' lang='lat' dir='ltr'>suam</span> <span class='ocrx_word' id='word_1_26' title='bbox 1532 533 1725 594; x_wconf 89' lang='lat' dir='ltr'>Jacobo,</span> <span class='ocrx_word' id='word_1_27' title='bbox 1768 533 1896 597; x_wconf 91' lang='lat' dir='ltr'>quod</span> <span class='ocrx_word' id='word_1_28' title='bbox 1942 533 2163 598; x_wconf 83' lang='lat' dir='ltr'>significet</span> <span class='ocrx_word' id='word_1_29' title='bbox 2202 535 2331 599; x_wconf 89' lang='lat' dir='ltr'>quod</span> 
     </span>
     <span class='ocr_line' id='line_1_5' title="bbox 327 600 2332 670; baseline -0.001 -19"><span class='ocrx_word' id='word_1_30' title='bbox 327 608 534 670; x_wconf 81' lang='lat' dir='ltr'>prioritas</span> <span class='ocrx_word' id='word_1_31' title='bbox 554 601 721 658; x_wconf 83' lang='lat' dir='ltr'>interea</span> <span class='ocrx_word' id='word_1_32' title='bbox 741 600 956 657; x_wconf 82' lang='lat' dir='ltr'>conceffa,</span> <span class='ocrx_word' id='word_1_33' title='bbox 993 616 1158 664; x_wconf 84' lang='lat' dir='ltr'><strong>nempe</strong></span> <span class='ocrx_word' id='word_1_34' title='bbox 1181 601 1403 648; x_wconf 66' lang='lat' dir='ltr'>doctrinae</span> <span class='ocrx_word' id='word_1_35' title='bbox 1424 602 1518 647; x_wconf 91' lang='lat' dir='ltr'>veri</span> <span class='ocrx_word' id='word_1_36' title='bbox 1543 617 1649 664; x_wconf 85' lang='lat' dir='ltr'>quae</span> <span class='ocrx_word' id='word_1_37' title='bbox 1672 601 1735 648; x_wconf 88' lang='lat' dir='ltr'>est</span> <span class='ocrx_word' id='word_1_38' title='bbox 1757 601 1973 662; x_wconf 85' lang='lat' dir='ltr'>Jacobus,</span> <span class='ocrx_word' id='word_1_39' title='bbox 2009 601 2180 649; x_wconf 85' lang='lat' dir='ltr'>constat</span> <span class='ocrx_word' id='word_1_40' title='bbox 2202 619 2227 649; x_wconf 88' lang='lat' dir='ltr'>a</span> <span class='ocrx_word' id='word_1_41' title='bbox 2243 601 2332 665; x_wconf 84' lang='lat' dir='ltr'>fig-</span> 
     </span>
     <span class='ocr_line' id='line_1_6' title="bbox 327 666 2328 732; baseline -0.003 -13"><span class='ocrx_word' id='word_1_42' title='bbox 327 672 583 719; x_wconf 84' lang='lat' dir='ltr'>nificatione</span> <span class='ocrx_word' id='word_1_43' title='bbox 605 668 1001 730; x_wconf 80' lang='lat' dir='ltr'>Primogeniturae,</span> <span class='ocrx_word' id='word_1_44' title='bbox 1036 666 1165 731; x_wconf 90' lang='lat' dir='ltr'>quod</span> <span class='ocrx_word' id='word_1_45' title='bbox 1206 666 1260 715; x_wconf 87' lang='lat' dir='ltr'>fit</span> <span class='ocrx_word' id='word_1_46' title='bbox 1298 666 1523 731; x_wconf 82' lang='lat' dir='ltr'>prioritas,</span> <span class='ocrx_word' id='word_1_47' title='bbox 1560 667 1617 715; x_wconf 90' lang='lat' dir='ltr'>de</span> <span class='ocrx_word' id='word_1_48' title='bbox 1655 683 1745 731; x_wconf 86' lang='lat' dir='ltr'>qua</span> <span class='ocrx_word' id='word_1_49' title='bbox 1780 667 1911 731; x_wconf 91' lang='lat' dir='ltr'>supra</span> <span class='ocrx_word' id='word_1_50' title='bbox 1950 685 2010 714; x_wconf 91' lang='lat' dir='ltr'>n:</span> <span class='ocrx_word' id='word_1_51' title='bbox 2039 685 2184 732; x_wconf 86' lang='grc'><strong>3325,</strong></span> <span class='ocrx_word' id='word_1_52' title='bbox 2221 684 2328 731; x_wconf 67' lang='lat' dir='ltr'>quse</span> 
     </span>
     <span class='ocr_line' id='line_1_7' title="bbox 326 733 2327 802; baseline -0.002 -17"><span class='ocrx_word' id='word_1_53' title='bbox 326 738 454 802; x_wconf 91' lang='lat' dir='ltr'>quod</span> <span class='ocrx_word' id='word_1_54' title='bbox 494 737 658 783; x_wconf 86' lang='lat' dir='ltr'>interea</span> <span class='ocrx_word' id='word_1_55' title='bbox 696 734 897 781; x_wconf 83' lang='lat' dir='ltr'>conceffa</span> <span class='ocrx_word' id='word_1_56' title='bbox 935 733 1006 789; x_wconf 84' lang='lat' dir='ltr'>fit,</span> <span class='ocrx_word' id='word_1_57' title='bbox 1042 745 1164 798; x_wconf 89' lang='lat' dir='ltr'>patet</span> <span class='ocrx_word' id='word_1_58' title='bbox 1196 734 1253 781; x_wconf 90' lang='lat' dir='ltr'>ab</span> <span class='ocrx_word' id='word_1_59' title='bbox 1284 735 1372 781; x_wconf 90' lang='lat' dir='ltr'>illis</span> <span class='ocrx_word' id='word_1_60' title='bbox 1405 750 1512 798; x_wconf 83' lang='lat' dir='ltr'>quae</span> <span class='ocrx_word' id='word_1_61' title='bbox 1536 733 1667 798; x_wconf 88' lang='lat' dir='ltr'>supra</span> <span class='ocrx_word' id='word_1_62' title='bbox 1691 752 1750 782; x_wconf 89' lang='lat' dir='ltr'>n:</span> <span class='ocrx_word' id='word_1_63' title='bbox 1782 752 1922 798; x_wconf 85' lang='lat'>3324.</span> <span class='ocrx_word' id='word_1_64' title='bbox 1953 752 2099 798; x_wconf 87' lang='lat'>3325,</span> <span class='ocrx_word' id='word_1_65' title='bbox 2134 733 2254 781; x_wconf 65' lang='lat' dir='ltr'>dicta</span> <span class='ocrx_word' id='word_1_66' title='bbox 2278 736 2327 781; x_wconf 76' lang='grc' dir='ltr'>δε</span> 
     </span>
     <span class='ocr_line' id='line_1_8' title="bbox 328 800 2332 865; baseline -0.002 -13"><span class='ocrx_word' id='word_1_67' title='bbox 328 801 494 852; x_wconf 90' lang='lat' dir='ltr'>ostensa</span> <span class='ocrx_word' id='word_1_68' title='bbox 517 801 631 849; x_wconf 89' lang='lat' dir='ltr'>sunt.</span> <span class='ocrx_word' id='word_1_69' title='bbox 704 800 847 858; x_wconf 90' lang='lat' dir='ltr'>Quod</span> <span class='ocrx_word' id='word_1_70' title='bbox 883 801 1006 864; x_wconf 87' lang='lat' dir='ltr'>apud</span> <span class='ocrx_word' id='word_1_71' title='bbox 1030 801 1319 865; x_wconf 87' lang='lat' dir='ltr'>Spiritualem</span> <span class='ocrx_word' id='word_1_72' title='bbox 1352 801 1587 848; x_wconf 87' lang='lat' dir='ltr'>hominem</span> <span class='ocrx_word' id='word_1_73' title='bbox 1613 802 1837 864; x_wconf 90' lang='lat' dir='ltr'>principio</span> <span class='ocrx_word' id='word_1_74' title='bbox 1861 802 2122 848; x_wconf 85' lang='lat' dir='ltr'>dominetur</span> <span class='ocrx_word' id='word_1_75' title='bbox 2134 801 2332 857; x_wconf 85' lang='lat' dir='ltr'>Verum,</span> 
     </span>
     <span class='ocr_line' id='line_1_9' title="bbox 325 866 2328 934; baseline -0.002 -16"><span class='ocrx_word' id='word_1_76' title='bbox 325 870 391 918; x_wconf 91' lang='lat' dir='ltr'>est</span> <span class='ocrx_word' id='word_1_77' title='bbox 411 867 718 934; x_wconf 84' lang='lat' dir='ltr'>principaliter</span> <span class='ocrx_word' id='word_1_78' title='bbox 740 866 883 924; x_wconf 86' lang='lat' dir='ltr'>causa,</span> <span class='ocrx_word' id='word_1_79' title='bbox 920 869 1026 930; x_wconf 88' lang='lat' dir='ltr'>quia</span> <span class='ocrx_word' id='word_1_80' title='bbox 1061 869 1107 914; x_wconf 91' lang='lat' dir='ltr'>in</span> <span class='ocrx_word' id='word_1_81' title='bbox 1149 869 1301 932; x_wconf 85' lang='lat' dir='ltr'>primo</span> <span class='ocrx_word' id='word_1_82' title='bbox 1339 866 1434 932; x_wconf 89' lang='lat' dir='ltr'>ejus</span> <span class='ocrx_word' id='word_1_83' title='bbox 1474 867 1607 924; x_wconf 85' lang='lat' dir='ltr'>statu,</span> <span class='ocrx_word' id='word_1_84' title='bbox 1643 868 1745 916; x_wconf 90' lang='lat' dir='ltr'>sunt</span> <span class='ocrx_word' id='word_1_85' title='bbox 1769 866 1973 931; x_wconf 85' lang='lat' dir='ltr'>jucunda</span> <span class='ocrx_word' id='word_1_86' title='bbox 1999 869 2165 915; x_wconf 88' lang='lat' dir='ltr'>amoris</span> <span class='ocrx_word' id='word_1_87' title='bbox 2190 867 2254 914; x_wconf 89' lang='lat' dir='ltr'>sui</span> <span class='ocrx_word' id='word_1_88' title='bbox 2277 869 2328 914; x_wconf 72' lang='grc' dir='ltr'>δε</span> 
     </span>
     <span class='ocr_line' id='line_1_10' title="bbox 322 932 2326 999; baseline -0.003 -15"><span class='ocrx_word' id='word_1_89' title='bbox 322 937 502 992; x_wconf 88' lang='lat' dir='ltr'>mundi,</span> <span class='ocrx_word' id='word_1_90' title='bbox 538 950 644 999; x_wconf 87' lang='lat' dir='ltr'>quae</span> <span class='ocrx_word' id='word_1_91' title='bbox 668 934 812 981; x_wconf 90' lang='lat' dir='ltr'>credit</span> <span class='ocrx_word' id='word_1_92' title='bbox 836 934 970 991; x_wconf 90' lang='lat' dir='ltr'>bona,</span> <span class='ocrx_word' id='word_1_93' title='bbox 1005 950 1111 998; x_wconf 85' lang='lat' dir='ltr'>quae</span> <span class='ocrx_word' id='word_1_94' title='bbox 1134 934 1176 980; x_wconf 88' lang='lat' dir='ltr'>se</span> <span class='ocrx_word' id='word_1_95' title='bbox 1204 933 1431 998; x_wconf 87' lang='lat' dir='ltr'>applicant</span> <span class='ocrx_word' id='word_1_96' title='bbox 1455 937 1571 981; x_wconf 87' lang='lat' dir='ltr'>veris</span> <span class='ocrx_word' id='word_1_97' title='bbox 1590 932 1702 998; x_wconf 91' lang='lat' dir='ltr'>ejus,</span> <span class='ocrx_word' id='word_1_98' title='bbox 1740 936 1788 982; x_wconf 76' lang='grc' dir='ltr'>δε</span> <span class='ocrx_word' id='word_1_99' title='bbox 1815 933 1985 981; x_wconf 87' lang='lat' dir='ltr'>faciunt</span> <span class='ocrx_word' id='word_1_100' title='bbox 2009 936 2159 998; x_wconf 87' lang='lat' dir='ltr'>quoad</span> <span class='ocrx_word' id='word_1_101' title='bbox 2184 934 2326 998; x_wconf 87' lang='lat' dir='ltr'>pluri-</span> 
     </span>
     <span class='ocr_line' id='line_1_11' title="bbox 321 1000 2324 1067; baseline -0.002 -17"><span class='ocrx_word' id='word_1_102' title='bbox 321 1018 444 1050; x_wconf 86' lang='lat' dir='ltr'>mam</span> <span class='ocrx_word' id='word_1_103' title='bbox 466 1014 640 1067; x_wconf 87' lang='lat' dir='ltr'>partem</span> <span class='ocrx_word' id='word_1_104' title='bbox 666 1000 947 1048; x_wconf 65' lang='lat' dir='ltr'>affectionem</span> <span class='ocrx_word' id='word_1_105' title='bbox 973 1001 1066 1048; x_wconf 86' lang='lat' dir='ltr'>veri</span> <span class='ocrx_word' id='word_1_106' title='bbox 1095 1001 1216 1065; x_wconf 88' lang='lat' dir='ltr'>apud</span> <span class='ocrx_word' id='word_1_107' title='bbox 1240 1016 1381 1057; x_wconf 77' lang='lat' dir='ltr'>eum3</span> <span class='ocrx_word' id='word_1_108' title='bbox 1417 1002 1590 1064; x_wconf 84' lang='lat' dir='ltr'>cogitat</span> <span class='ocrx_word' id='word_1_109' title='bbox 1626 1003 1748 1048; x_wconf 88' lang='lat' dir='ltr'>enim</span> <span class='ocrx_word' id='word_1_110' title='bbox 1793 1013 1920 1058; x_wconf 87' lang='lat' dir='ltr'>tunc,</span> <span class='ocrx_word' id='word_1_111' title='bbox 1956 1001 2083 1064; x_wconf 88' lang='lat' dir='ltr'>quod</span> <span class='ocrx_word' id='word_1_112' title='bbox 2117 1017 2222 1048; x_wconf 86' lang='lat' dir='ltr'>vcra</span> <span class='ocrx_word' id='word_1_113' title='bbox 2259 1000 2324 1046; x_wconf 88' lang='lat' dir='ltr'>illi</span> 
     </span>
     <span class='ocr_line' id='line_1_12' title="bbox 319 1066 2320 1132; baseline -0.001 -16"><span class='ocrx_word' id='word_1_114' title='bbox 319 1068 525 1117; x_wconf 87' lang='lat' dir='ltr'>inservire</span> <span class='ocrx_word' id='word_1_115' title='bbox 558 1070 722 1132; x_wconf 76' lang='lat' dir='ltr'>possint</span> <span class='ocrx_word' id='word_1_116' title='bbox 751 1067 826 1114; x_wconf 87' lang='lat' dir='ltr'>vel</span> <span class='ocrx_word' id='word_1_117' title='bbox 857 1067 915 1114; x_wconf 89' lang='lat' dir='ltr'>ad</span> <span class='ocrx_word' id='word_1_118' title='bbox 947 1067 1156 1123; x_wconf 84' lang='lat' dir='ltr'>honores,</span> <span class='ocrx_word' id='word_1_119' title='bbox 1191 1067 1266 1114; x_wconf 89' lang='lat' dir='ltr'>vel</span> <span class='ocrx_word' id='word_1_120' title='bbox 1292 1068 1350 1115; x_wconf 88' lang='lat' dir='ltr'>ad</span> <span class='ocrx_word' id='word_1_121' title='bbox 1379 1067 1578 1123; x_wconf 87' lang='lat' dir='ltr'>lucrum,</span> <span class='ocrx_word' id='word_1_122' title='bbox 1615 1068 1691 1115; x_wconf 88' lang='lat' dir='ltr'>vel</span> <span class='ocrx_word' id='word_1_123' title='bbox 1726 1068 1780 1115; x_wconf 88' lang='lat' dir='ltr'>ad</span> <span class='ocrx_word' id='word_1_124' title='bbox 1824 1066 1996 1115; x_wconf 78' lang='lat' dir='ltr'>famam</span> <span class='ocrx_word' id='word_1_125' title='bbox 2038 1070 2084 1115; x_wconf 87' lang='lat' dir='ltr'>in</span> <span class='ocrx_word' id='word_1_126' title='bbox 2123 1067 2320 1122; x_wconf 85' lang='lat' dir='ltr'>mundo,</span> 
     </span>
     <span class='ocr_line' id='line_1_13' title="bbox 318 1134 2324 1199; baseline -0.001 -16"><span class='ocrx_word' id='word_1_127' title='bbox 318 1135 392 1183; x_wconf 84' lang='lat' dir='ltr'>vel</span> <span class='ocrx_word' id='word_1_128' title='bbox 426 1151 609 1199; x_wconf 88' lang='lat' dir='ltr'>quoque</span> <span class='ocrx_word' id='word_1_129' title='bbox 641 1134 698 1181; x_wconf 86' lang='lat' dir='ltr'>ad</span> <span class='ocrx_word' id='word_1_130' title='bbox 725 1135 940 1181; x_wconf 86' lang='lat' dir='ltr'>meritum</span> <span class='ocrx_word' id='word_1_131' title='bbox 975 1136 1022 1181; x_wconf 89' lang='lat' dir='ltr'>in</span> <span class='ocrx_word' id='word_1_132' title='bbox 1053 1134 1190 1181; x_wconf 88' lang='lat' dir='ltr'>altera</span> <span class='ocrx_word' id='word_1_133' title='bbox 1209 1135 1337 1191; x_wconf 79' lang='lat' dir='ltr'>vita3</span> <span class='ocrx_word' id='word_1_134' title='bbox 1373 1134 1471 1182; x_wconf 84' lang='lat' dir='ltr'>haec</span> <span class='ocrx_word' id='word_1_135' title='bbox 1494 1136 1647 1181; x_wconf 81' lang='lat' dir='ltr'>omnia</span> <span class='ocrx_word' id='word_1_136' title='bbox 1670 1136 1867 1182; x_wconf 83' lang='lat' dir='ltr'>excitant</span> <span class='ocrx_word' id='word_1_137' title='bbox 1889 1134 2172 1182; x_wconf 66' lang='lat' dir='ltr'>affectionem</span> <span class='ocrx_word' id='word_1_138' title='bbox 2199 1135 2324 1181; x_wconf 88' lang='lat' dir='ltr'>illam</span> 
     </span>
     <span class='ocr_line' id='line_1_14' title="bbox 317 1200 2321 1265; baseline -0 -17"><span class='ocrx_word' id='word_1_139' title='bbox 317 1204 414 1250; x_wconf 88' lang='lat' dir='ltr'>veri</span> <span class='ocrx_word' id='word_1_140' title='bbox 436 1204 555 1265; x_wconf 89' lang='lat' dir='ltr'>apud</span> <span class='ocrx_word' id='word_1_141' title='bbox 579 1217 704 1258; x_wconf 88' lang='lat' dir='ltr'>eum,</span> <span class='ocrx_word' id='word_1_142' title='bbox 740 1202 789 1248; x_wconf 74' lang='grc' dir='ltr'>δε</span> <span class='ocrx_word' id='word_1_143' title='bbox 813 1217 998 1264; x_wconf 86' lang='lat' dir='ltr'>quoque</span> <span class='ocrx_word' id='word_1_144' title='bbox 1019 1201 1288 1258; x_wconf 88' lang='lat' dir='ltr'>accendunt,</span> <span class='ocrx_word' id='word_1_145' title='bbox 1322 1217 1429 1264; x_wconf 81' lang='lat' dir='ltr'>quae</span> <span class='ocrx_word' id='word_1_146' title='bbox 1469 1213 1621 1248; x_wconf 89' lang='lat' dir='ltr'>tamen</span> <span class='ocrx_word' id='word_1_147' title='bbox 1658 1200 1760 1248; x_wconf 90' lang='lat' dir='ltr'>sunt</span> <span class='ocrx_word' id='word_1_148' title='bbox 1785 1217 1876 1248; x_wconf 91' lang='lat' dir='ltr'>non</span> <span class='ocrx_word' id='word_1_149' title='bbox 1901 1200 2034 1257; x_wconf 88' lang='lat' dir='ltr'>bona,</span> <span class='ocrx_word' id='word_1_150' title='bbox 2073 1201 2144 1249; x_wconf 90' lang='lat' dir='ltr'>sed</span> <span class='ocrx_word' id='word_1_151' title='bbox 2170 1200 2287 1248; x_wconf 85' lang='lat' dir='ltr'>mala</span> <span class='ocrx_word' id='word_1_152' title='bbox 2305 1223 2321 1255; x_wconf 86' lang='lat'>·,</span> 
     </span>
     <span class='ocr_line' id='line_1_15' title="bbox 321 1266 2324 1332; baseline -0.001 -17"><span class='ocrx_word' id='word_1_153' title='bbox 321 1283 367 1316; x_wconf 89' lang='lat' dir='ltr'>at</span> <span class='ocrx_word' id='word_1_154' title='bbox 398 1270 537 1332; x_wconf 89' lang='lat' dir='ltr'>usque</span> <span class='ocrx_word' id='word_1_155' title='bbox 570 1268 793 1331; x_wconf 88' lang='lat' dir='ltr'>permittit</span> <span class='ocrx_word' id='word_1_156' title='bbox 812 1269 1060 1323; x_wconf 77' lang='lat' dir='ltr'>DominuS‚</span> <span class='ocrx_word' id='word_1_157' title='bbox 1095 1281 1148 1314; x_wconf 88' lang='lat' dir='ltr'>ut</span> <span class='ocrx_word' id='word_1_158' title='bbox 1183 1267 1285 1314; x_wconf 89' lang='lat' dir='ltr'>talia</span> <span class='ocrx_word' id='word_1_159' title='bbox 1320 1271 1473 1330; x_wconf 88' lang='lat' dir='ltr'>primo</span> <span class='ocrx_word' id='word_1_160' title='bbox 1503 1267 1583 1315; x_wconf 90' lang='lat' dir='ltr'>illo</span> <span class='ocrx_word' id='word_1_161' title='bbox 1614 1280 1821 1332; x_wconf 91' lang='lat' dir='ltr'>tempore</span> <span class='ocrx_word' id='word_1_162' title='bbox 1854 1266 1996 1315; x_wconf 86' lang='lat' dir='ltr'>ferant</span> <span class='ocrx_word' id='word_1_163' title='bbox 2029 1268 2179 1325; x_wconf 88' lang='lat' dir='ltr'>illum,</span> <span class='ocrx_word' id='word_1_164' title='bbox 2214 1269 2324 1332; x_wconf 86' lang='lat' dir='ltr'>quia</span> 
     </span>
     <span class='ocr_line' id='line_1_16' title="bbox 320 1332 2321 1399; baseline -0.001 -17"><span class='ocrx_word' id='word_1_165' title='bbox 320 1336 521 1399; x_wconf 86' lang='lat' dir='ltr'>alioquin</span> <span class='ocrx_word' id='word_1_166' title='bbox 559 1350 651 1381; x_wconf 91' lang='lat' dir='ltr'>non</span> <span class='ocrx_word' id='word_1_167' title='bbox 692 1335 941 1396; x_wconf 85' lang='lat' dir='ltr'>regenerari</span> <span class='ocrx_word' id='word_1_168' title='bbox 977 1334 1159 1397; x_wconf 89' lang='lat' dir='ltr'>poterit,</span> <span class='ocrx_word' id='word_1_169' title='bbox 1197 1333 1565 1398; x_wconf 81' lang='lat' dir='ltr'>intelligentia&amp;</span> <span class='ocrx_word' id='word_1_170' title='bbox 1590 1332 1801 1399; x_wconf 87' lang='lat' dir='ltr'>sapientia</span> <span class='ocrx_word' id='word_1_171' title='bbox 1824 1337 1950 1381; x_wconf 87' lang='lat' dir='ltr'>venit</span> <span class='ocrx_word' id='word_1_172' title='bbox 1974 1347 2214 1398; x_wconf 78' lang='lat' dir='ltr'>tempore3</span> <span class='ocrx_word' id='word_1_173' title='bbox 2251 1335 2321 1381; x_wconf 89' lang='lat' dir='ltr'>in-</span> 
     </span>
     <span class='ocr_line' id='line_1_17' title="bbox 321 1399 2317 1464; baseline -0.001 -16"><span class='ocrx_word' id='word_1_174' title='bbox 321 1414 440 1449; x_wconf 87' lang='lat' dir='ltr'>terea</span> <span class='ocrx_word' id='word_1_175' title='bbox 462 1417 542 1464; x_wconf 93' lang='lat' dir='ltr'>per</span> <span class='ocrx_word' id='word_1_176' title='bbox 564 1400 637 1448; x_wconf 90' lang='lat' dir='ltr'>illa</span> <span class='ocrx_word' id='word_1_177' title='bbox 660 1400 964 1447; x_wconf 82' lang='lat' dir='ltr'>introducitur</span> <span class='ocrx_word' id='word_1_178' title='bbox 985 1402 1032 1446; x_wconf 90' lang='lat' dir='ltr'>in</span> <span class='ocrx_word' id='word_1_179' title='bbox 1056 1400 1250 1457; x_wconf 89' lang='lat' dir='ltr'>bonum,</span> <span class='ocrx_word' id='word_1_180' title='bbox 1284 1399 1372 1448; x_wconf 91' lang='lat' dir='ltr'>hoc</span> <span class='ocrx_word' id='word_1_181' title='bbox 1402 1400 1484 1457; x_wconf 91' lang='lat' dir='ltr'>est,</span> <span class='ocrx_word' id='word_1_182' title='bbox 1520 1403 1566 1447; x_wconf 89' lang='lat' dir='ltr'>in</span> <span class='ocrx_word' id='word_1_183' title='bbox 1598 1400 1878 1458; x_wconf 85' lang='lat' dir='ltr'>charitatem,</span> <span class='ocrx_word' id='word_1_184' title='bbox 1915 1401 1962 1448; x_wconf 88' lang='lat' dir='ltr'>in</span> <span class='ocrx_word' id='word_1_185' title='bbox 1987 1417 2078 1464; x_wconf 90' lang='lat' dir='ltr'>qua</span> <span class='ocrx_word' id='word_1_186' title='bbox 2101 1417 2210 1450; x_wconf 89' lang='lat' dir='ltr'>cum</span> <span class='ocrx_word' id='word_1_187' title='bbox 2236 1399 2317 1455; x_wconf 86' lang='lat' dir='ltr'>est,</span> 
     </span>
     <span class='ocr_line' id='line_1_18' title="bbox 321 1466 2323 1532; baseline -0.001 -17"><span class='ocrx_word' id='word_1_188' title='bbox 321 1480 432 1516; x_wconf 88' lang='lat' dir='ltr'>tunc</span> <span class='ocrx_word' id='word_1_189' title='bbox 457 1469 660 1532; x_wconf 89' lang='lat' dir='ltr'>primum</span> <span class='ocrx_word' id='word_1_190' title='bbox 684 1468 876 1530; x_wconf 87' lang='lat' dir='ltr'>percipit</span> <span class='ocrx_word' id='word_1_191' title='bbox 899 1467 1010 1530; x_wconf 92' lang='lat' dir='ltr'>quid</span> <span class='ocrx_word' id='word_1_192' title='bbox 1037 1466 1229 1524; x_wconf 89' lang='lat' dir='ltr'>bonum,</span> <span class='ocrx_word' id='word_1_193' title='bbox 1263 1467 1314 1515; x_wconf 76' lang='grc' dir='ltr'>δε</span> <span class='ocrx_word' id='word_1_194' title='bbox 1337 1483 1394 1513; x_wconf 87' lang='lat' dir='ltr'>ex</span> <span class='ocrx_word' id='word_1_195' title='bbox 1417 1467 1539 1515; x_wconf 90' lang='lat' dir='ltr'>bono</span> <span class='ocrx_word' id='word_1_196' title='bbox 1562 1468 1674 1530; x_wconf 88' lang='lat' dir='ltr'>agit,</span> <span class='ocrx_word' id='word_1_197' title='bbox 1710 1468 1760 1515; x_wconf 76' lang='grc' dir='ltr'>ὅτ</span> <span class='ocrx_word' id='word_1_198' title='bbox 1784 1479 1895 1515; x_wconf 90' lang='lat' dir='ltr'>tunc</span> <span class='ocrx_word' id='word_1_199' title='bbox 1919 1468 1978 1515; x_wconf 92' lang='lat' dir='ltr'>de</span> <span class='ocrx_word' id='word_1_200' title='bbox 2001 1469 2118 1516; x_wconf 88' lang='lat' dir='ltr'>veris</span> <span class='ocrx_word' id='word_1_201' title='bbox 2145 1466 2323 1532; x_wconf 89' lang='lat' dir='ltr'>judicat</span> 
     </span>
     <span class='ocr_line' id='line_1_19' title="bbox 320 1532 2323 1596; baseline 0 -15"><span class='ocrx_word' id='word_1_202' title='bbox 320 1536 370 1582; x_wconf 74' lang='grc' dir='ltr'>δε</span> <span class='ocrx_word' id='word_1_203' title='bbox 395 1534 629 1581; x_wconf 84' lang='lat' dir='ltr'>concludit</span> <span class='ocrx_word' id='word_1_204' title='bbox 649 1549 706 1580; x_wconf 87' lang='lat' dir='ltr'>ex</span> <span class='ocrx_word' id='word_1_205' title='bbox 730 1533 809 1579; x_wconf 91' lang='lat' dir='ltr'>illo</span> <span class='ocrx_word' id='word_1_206' title='bbox 842 1533 980 1587; x_wconf 90' lang='lat' dir='ltr'>bono,</span> <span class='ocrx_word' id='word_1_207' title='bbox 1015 1533 1064 1581; x_wconf 84' lang='lat'>&amp;</span> <span class='ocrx_word' id='word_1_208' title='bbox 1088 1550 1194 1596; x_wconf 85' lang='lat' dir='ltr'>quae</span> <span class='ocrx_word' id='word_1_209' title='bbox 1218 1549 1310 1580; x_wconf 89' lang='lat' dir='ltr'>non</span> <span class='ocrx_word' id='word_1_210' title='bbox 1333 1540 1441 1579; x_wconf 85' lang='lat' dir='ltr'>c&#39;um</span> <span class='ocrx_word' id='word_1_211' title='bbox 1467 1534 1545 1580; x_wconf 93' lang='lat' dir='ltr'>illo</span> <span class='ocrx_word' id='word_1_212' title='bbox 1576 1533 1699 1581; x_wconf 89' lang='lat' dir='ltr'>bono</span> <span class='ocrx_word' id='word_1_213' title='bbox 1730 1534 2025 1592; x_wconf 80' lang='lat' dir='ltr'>concordant,</span> <span class='ocrx_word' id='word_1_214' title='bbox 2060 1547 2197 1583; x_wconf 88' lang='lat' dir='ltr'>vocat</span> <span class='ocrx_word' id='word_1_215' title='bbox 2219 1532 2323 1581; x_wconf 81' lang='lat' dir='ltr'>falsa</span> 
     </span>
     <span class='ocr_line' id='line_1_20' title="bbox 320 1598 1980 1662; baseline -0.001 -14"><span class='ocrx_word' id='word_1_216' title='bbox 320 1602 370 1648; x_wconf 89' lang='lat'>&amp;</span> <span class='ocrx_word' id='word_1_217' title='bbox 394 1598 538 1662; x_wconf 88' lang='lat' dir='ltr'>rejicit</span> <span class='ocrx_word' id='word_1_218' title='bbox 557 1623 572 1656; x_wconf 78' lang='lat'>3</span> <span class='ocrx_word' id='word_1_219' title='bbox 609 1600 846 1646; x_wconf 85' lang='lat' dir='ltr'>dominans</span> <span class='ocrx_word' id='word_1_220' title='bbox 869 1601 930 1645; x_wconf 87' lang='lat' dir='ltr'>ita</span> <span class='ocrx_word' id='word_1_221' title='bbox 959 1598 1088 1660; x_wconf 88' lang='lat' dir='ltr'>super</span> <span class='ocrx_word' id='word_1_222' title='bbox 1110 1615 1231 1654; x_wconf 82' lang='lat' dir='ltr'>vera,</span> <span class='ocrx_word' id='word_1_223' title='bbox 1266 1611 1319 1645; x_wconf 89' lang='lat' dir='ltr'>ut</span> <span class='ocrx_word' id='word_1_224' title='bbox 1342 1599 1472 1646; x_wconf 87' lang='lat' dir='ltr'>herus</span> <span class='ocrx_word' id='word_1_225' title='bbox 1495 1599 1626 1662; x_wconf 90' lang='lat' dir='ltr'>super</span> <span class='ocrx_word' id='word_1_226' title='bbox 1648 1599 1747 1647; x_wconf 87' lang='lat' dir='ltr'>suos</span> <span class='ocrx_word' id='word_1_227' title='bbox 1771 1600 1980 1647; x_wconf 86' lang='lat' dir='ltr'>famulos.</span> 
     </span>
    </p>

    <p class='ocr_par' dir='ltr' id='par_1_4' title="bbox 310 1664 2325 2064">
     <span class='ocr_line' id='line_1_21' title="bbox 389 1664 2320 1731; baseline 0 -17"><span class='ocrx_word' id='word_1_228' title='bbox 389 1683 532 1731; x_wconf 78' lang='lat'><em>3331.</em></span> <span class='ocrx_word' id='word_1_229' title='bbox 569 1664 707 1713; x_wconf 90' lang='lat' dir='ltr'>Vers:</span> <span class='ocrx_word' id='word_1_230' title='bbox 735 1682 812 1727; x_wconf 86' lang='lat'>34.</span> <span class='ocrx_word' id='word_1_231' title='bbox 873 1665 937 1710; x_wconf 89' lang='lat' dir='ltr'>Et</span> <span class='ocrx_word' id='word_1_232' title='bbox 960 1664 1098 1725; x_wconf 82' lang='lat' dir='ltr'>Jacob</span> <span class='ocrx_word' id='word_1_233' title='bbox 1134 1665 1248 1712; x_wconf 85' lang='lat' dir='ltr'>dedit</span> <span class='ocrx_word' id='word_1_234' title='bbox 1272 1665 1420 1727; x_wconf 85' lang='lat' dir='ltr'>Esavo</span> <span class='ocrx_word' id='word_1_235' title='bbox 1444 1677 1599 1726; x_wconf 87' lang='lat' dir='ltr'>panem</span> <span class='ocrx_word' id='word_1_236' title='bbox 1632 1665 1688 1714; x_wconf 59' lang='grc' dir='ltr'>ὅ</span> <span class='ocrx_word' id='word_1_237' title='bbox 1712 1666 1876 1728; x_wconf 83' lang='lat' dir='ltr'>pultem</span> <span class='ocrx_word' id='word_1_238' title='bbox 1907 1667 2099 1724; x_wconf 83' lang='lat' dir='ltr'>lentium,</span> <span class='ocrx_word' id='word_1_239' title='bbox 2135 1667 2191 1717; x_wconf 71' lang='lat'>&amp;²</span> <span class='ocrx_word' id='word_1_240' title='bbox 2214 1667 2320 1724; x_wconf 84' lang='lat' dir='ltr'>edit,</span> 
     </span>
     <span class='ocr_line' id='line_1_22' title="bbox 310 1728 2325 1795; baseline -0.001 -13"><span class='ocrx_word' id='word_1_241' title='bbox 310 1733 376 1783; x_wconf 73' lang='lat'>&#39;&amp;</span> <span class='ocrx_word' id='word_1_242' title='bbox 398 1731 523 1788; x_wconf 81' lang='lat' dir='ltr'>bibit,</span> <span class='ocrx_word' id='word_1_243' title='bbox 558 1731 615 1780; x_wconf 54' lang='grc' dir='ltr'>ἐξ</span> <span class='ocrx_word' id='word_1_244' title='bbox 627 1732 840 1794; x_wconf 89' lang='lat' dir='ltr'>surrexit,</span> <span class='ocrx_word' id='word_1_245' title='bbox 876 1728 932 1779; x_wconf 55' lang='grc' dir='ltr'>δεῖ)</span> <span class='ocrx_word' id='word_1_246' title='bbox 955 1733 1072 1786; x_wconf 79' lang='lat' dir='ltr'>ivit;</span> <span class='ocrx_word' id='word_1_247' title='bbox 1110 1731 1165 1780; x_wconf 68' lang='lat'>69⁷</span> <span class='ocrx_word' id='word_1_248' title='bbox 1190 1730 1396 1790; x_wconf 63' lang='lat' dir='ltr'>contemsit</span> <span class='ocrx_word' id='word_1_249' title='bbox 1414 1733 1534 1794; x_wconf 81' lang='lat' dir='ltr'>Esau</span> <span class='ocrx_word' id='word_1_250' title='bbox 1549 1734 1944 1795; x_wconf 84' lang='lat' dir='ltr'>primogenituram.</span> <span class='ocrx_word' id='word_1_251' title='bbox 2015 1734 2163 1794; x_wconf 87' lang='lat' dir='ltr'>Jacob</span> <span class='ocrx_word' id='word_1_252' title='bbox 2195 1734 2325 1781; x_wconf 88' lang='lat' dir='ltr'>dedit</span> 
     </span>
     <span class='ocr_line' id='line_1_23' title="bbox 318 1796 2323 1863; baseline 0 -16"><span class='ocrx_word' id='word_1_253' title='bbox 318 1798 473 1848; x_wconf 84' lang='lat' dir='ltr'>Esavo</span> <span class='ocrx_word' id='word_1_254' title='bbox 495 1814 657 1863; x_wconf 88' lang='lat' dir='ltr'>panem</span> <span class='ocrx_word' id='word_1_255' title='bbox 684 1798 731 1844; x_wconf 88' lang='lat'>&amp;</span> <span class='ocrx_word' id='word_1_256' title='bbox 757 1796 933 1861; x_wconf 86' lang='lat' dir='ltr'>pultem</span> <span class='ocrx_word' id='word_1_257' title='bbox 955 1796 1167 1854; x_wconf 90' lang='lat' dir='ltr'>lentium,</span> <span class='ocrx_word' id='word_1_258' title='bbox 1203 1797 1424 1860; x_wconf 85' lang='lat' dir='ltr'>fignificat</span> <span class='ocrx_word' id='word_1_259' title='bbox 1448 1798 1622 1845; x_wconf 88' lang='lat' dir='ltr'>bonum</span> <span class='ocrx_word' id='word_1_260' title='bbox 1639 1801 1749 1846; x_wconf 84' lang='lat' dir='ltr'>vitae</span> <span class='ocrx_word' id='word_1_261' title='bbox 1768 1799 1989 1846; x_wconf 87' lang='lat' dir='ltr'>donatum</span> <span class='ocrx_word' id='word_1_262' title='bbox 2015 1800 2138 1848; x_wconf 91' lang='lat' dir='ltr'>bono</span> <span class='ocrx_word' id='word_1_263' title='bbox 2153 1802 2248 1848; x_wconf 90' lang='lat' dir='ltr'>veri</span> <span class='ocrx_word' id='word_1_264' title='bbox 2272 1801 2323 1848; x_wconf 74' lang='grc' dir='ltr'>δε</span> 
     </span>
     <span class='ocr_line' id='line_1_24' title="bbox 319 1863 2324 1930; baseline 0 -16"><span class='ocrx_word' id='word_1_265' title='bbox 319 1865 444 1914; x_wconf 90' lang='lat' dir='ltr'>bono</span> <span class='ocrx_word' id='word_1_266' title='bbox 466 1865 817 1912; x_wconf 68' lang='lat' dir='ltr'>doctrinalium:</span> <span class='ocrx_word' id='word_1_267' title='bbox 853 1864 903 1910; x_wconf 74' lang='grc' dir='ltr'>ὅτ</span> <span class='ocrx_word' id='word_1_268' title='bbox 927 1865 1021 1911; x_wconf 86' lang='lat' dir='ltr'>edit</span> <span class='ocrx_word' id='word_1_269' title='bbox 1044 1864 1092 1911; x_wconf 86' lang='lat'>&amp;</span> <span class='ocrx_word' id='word_1_270' title='bbox 1117 1863 1248 1920; x_wconf 89' lang='lat' dir='ltr'>bibit,</span> <span class='ocrx_word' id='word_1_271' title='bbox 1284 1864 1507 1928; x_wconf 84' lang='lat' dir='ltr'>fignificat</span> <span class='ocrx_word' id='word_1_272' title='bbox 1536 1867 1981 1930; x_wconf 85' lang='lat' dir='ltr'>appropriationem:</span> <span class='ocrx_word' id='word_1_273' title='bbox 2028 1869 2077 1914; x_wconf 71' lang='grc' dir='ltr'>δε</span> <span class='ocrx_word' id='word_1_274' title='bbox 2119 1867 2324 1923; x_wconf 79' lang='lat' dir='ltr'>surrexit,</span> 
     </span>
     <span class='ocr_line' id='line_1_25' title="bbox 319 1930 2324 1999; baseline 0.001 -20"><span class='ocrx_word' id='word_1_275' title='bbox 319 1930 541 1996; x_wconf 85' lang='lat' dir='ltr'>fignificat</span> <span class='ocrx_word' id='word_1_276' title='bbox 574 1931 873 1987; x_wconf 81' lang='lat' dir='ltr'>elevationem</span> <span class='ocrx_word' id='word_1_277' title='bbox 914 1930 1047 1978; x_wconf 88' lang='lat' dir='ltr'>inde:</span> <span class='ocrx_word' id='word_1_278' title='bbox 1083 1931 1132 1978; x_wconf 73' lang='grc' dir='ltr'>δε</span> <span class='ocrx_word' id='word_1_279' title='bbox 1156 1931 1260 1989; x_wconf 88' lang='lat' dir='ltr'>ivit,</span> <span class='ocrx_word' id='word_1_280' title='bbox 1292 1931 1516 1995; x_wconf 83' lang='lat' dir='ltr'>fignificat</span> <span class='ocrx_word' id='word_1_281' title='bbox 1538 1934 1711 1990; x_wconf 86' lang='lat' dir='ltr'>vitam:</span> <span class='ocrx_word' id='word_1_282' title='bbox 1747 1933 1796 1981; x_wconf 86' lang='lat'>&amp;</span> <span class='ocrx_word' id='word_1_283' title='bbox 1821 1934 2059 1981; x_wconf 83' lang='lat' dir='ltr'>contemsit</span> <span class='ocrx_word' id='word_1_284' title='bbox 2081 1933 2198 1982; x_wconf 86' lang='lat' dir='ltr'>Esau</span> <span class='ocrx_word' id='word_1_285' title='bbox 2232 1936 2324 1999; x_wconf 71' lang='lat' dir='ltr'>pri-</span> 
     </span>
     <span class='ocr_line' id='line_1_26' title="bbox 320 1995 2233 2064; baseline 0.002 -17"><span class='ocrx_word' id='word_1_286' title='bbox 320 1999 677 2063; x_wconf 85' lang='lat' dir='ltr'>mogenituram,</span> <span class='ocrx_word' id='word_1_287' title='bbox 701 1995 924 2059; x_wconf 85' lang='lat' dir='ltr'>fignificat</span> <span class='ocrx_word' id='word_1_288' title='bbox 943 1995 1072 2059; x_wconf 89' lang='lat' dir='ltr'>quod</span> <span class='ocrx_word' id='word_1_289' title='bbox 1093 1995 1404 2046; x_wconf 61' lang='lat' dir='ltr'>bonum1vitae</span> <span class='ocrx_word' id='word_1_290' title='bbox 1426 1998 1556 2046; x_wconf 88' lang='lat' dir='ltr'>nihili</span> <span class='ocrx_word' id='word_1_291' title='bbox 1571 1996 1728 2048; x_wconf 89' lang='lat' dir='ltr'>fecerit</span> <span class='ocrx_word' id='word_1_292' title='bbox 1751 2002 1917 2048; x_wconf 88' lang='lat' dir='ltr'>interea</span> <span class='ocrx_word' id='word_1_293' title='bbox 1938 2001 2233 2064; x_wconf 90' lang='lat' dir='ltr'>prioritatem.</span> 
     </span>
    </p>

    <p class='ocr_par' dir='ltr' id='par_1_5' title="bbox 319 2061 2330 3192">
     <span class='ocr_line' id='line_1_27' title="bbox 392 2061 2324 2131; baseline 0.002 -19"><span class='ocrx_word' id='word_1_294' title='bbox 392 2082 534 2130; x_wconf 86' lang='lat'><strong>3332.</strong></span> <span class='ocrx_word' id='word_1_295' title='bbox 569 2062 716 2125; x_wconf 90' lang='lat' dir='ltr'>Jacob</span> <span class='ocrx_word' id='word_1_296' title='bbox 738 2061 864 2109; x_wconf 85' lang='lat' dir='ltr'>dedit</span> <span class='ocrx_word' id='word_1_297' title='bbox 886 2061 1036 2110; x_wconf 82' lang='lat' dir='ltr'>Esavo</span> <span class='ocrx_word' id='word_1_298' title='bbox 1058 2078 1224 2126; x_wconf 88' lang='lat' dir='ltr'>panem</span> <span class='ocrx_word' id='word_1_299' title='bbox 1240 2063 1290 2111; x_wconf 76' lang='grc' dir='ltr'>δε</span> <span class='ocrx_word' id='word_1_300' title='bbox 1313 2063 1489 2128; x_wconf 83' lang='lat' dir='ltr'>pultem</span> <span class='ocrx_word' id='word_1_301' title='bbox 1513 2066 1724 2123; x_wconf 87' lang='lat' dir='ltr'>lentium,</span> <span class='ocrx_word' id='word_1_302' title='bbox 1758 2067 1886 2131; x_wconf 91' lang='lat' dir='ltr'>quod</span> <span class='ocrx_word' id='word_1_303' title='bbox 1908 2067 2132 2131; x_wconf 78' lang='lat' dir='ltr'>significet</span> <span class='ocrx_word' id='word_1_304' title='bbox 2148 2068 2324 2117; x_wconf 88' lang='lat' dir='ltr'>bonum</span> 
     </span>
     <span class='ocr_line' id='line_1_28' title="bbox 320 2128 2323 2199; baseline 0.002 -20"><span class='ocrx_word' id='word_1_305' title='bbox 320 2133 433 2180; x_wconf 83' lang='lat' dir='ltr'>vitae</span> <span class='ocrx_word' id='word_1_306' title='bbox 470 2131 693 2179; x_wconf 89' lang='lat' dir='ltr'>donatum</span> <span class='ocrx_word' id='word_1_307' title='bbox 728 2128 853 2177; x_wconf 88' lang='lat' dir='ltr'>bono</span> <span class='ocrx_word' id='word_1_308' title='bbox 872 2129 969 2176; x_wconf 88' lang='lat' dir='ltr'>veri</span> <span class='ocrx_word' id='word_1_309' title='bbox 1001 2130 1051 2176; x_wconf 74' lang='grc' dir='ltr'>δι</span> <span class='ocrx_word' id='word_1_310' title='bbox 1078 2128 1201 2177; x_wconf 90' lang='lat' dir='ltr'>bono</span> <span class='ocrx_word' id='word_1_311' title='bbox 1225 2129 1567 2188; x_wconf 70' lang='lat' dir='ltr'>doctrinaliurn,</span> <span class='ocrx_word' id='word_1_312' title='bbox 1600 2132 1773 2182; x_wconf 89' lang='lat' dir='ltr'>constat</span> <span class='ocrx_word' id='word_1_313' title='bbox 1796 2150 1821 2182; x_wconf 89' lang='lat' dir='ltr'>a</span> <span class='ocrx_word' id='word_1_314' title='bbox 1843 2134 2233 2199; x_wconf 66' lang='lat' dir='ltr'>repraesentatione</span> <span class='ocrx_word' id='word_1_315' title='bbox 2256 2135 2323 2183; x_wconf 86' lang='lat' dir='ltr'>E·</span> 
     </span>
     <span class='ocr_line' id='line_1_29' title="bbox 321 2195 2321 2267; baseline 0.002 -21"><span class='ocrx_word' id='word_1_316' title='bbox 321 2198 429 2256; x_wconf 84' lang='lat' dir='ltr'>favi,</span> <span class='ocrx_word' id='word_1_317' title='bbox 463 2197 590 2263; x_wconf 90' lang='lat' dir='ltr'>quod</span> <span class='ocrx_word' id='word_1_318' title='bbox 628 2196 681 2243; x_wconf 90' lang='lat' dir='ltr'>fit</span> <span class='ocrx_word' id='word_1_319' title='bbox 717 2195 893 2263; x_wconf 20' lang='lat' dir='ltr'>bonu-m</span> <span class='ocrx_word' id='word_1_320' title='bbox 926 2196 1052 2253; x_wconf 85' lang='lat' dir='ltr'>vitae,</span> <span class='ocrx_word' id='word_1_321' title='bbox 1087 2196 1146 2244; x_wconf 88' lang='lat' dir='ltr'>de</span> <span class='ocrx_word' id='word_1_322' title='bbox 1167 2211 1257 2261; x_wconf 88' lang='lat' dir='ltr'>qua</span> <span class='ocrx_word' id='word_1_323' title='bbox 1277 2212 1339 2246; x_wconf 86' lang='lat' dir='ltr'>n:</span> <span class='ocrx_word' id='word_1_324' title='bbox 1367 2214 1512 2262; x_wconf 85' lang='lat'>3300.</span> <span class='ocrx_word' id='word_1_325' title='bbox 1541 2213 1703 2261; x_wconf 82' lang='lat'>33223</span> <span class='ocrx_word' id='word_1_326' title='bbox 1738 2215 1796 2246; x_wconf 88' lang='lat' dir='ltr'>ex</span> <span class='ocrx_word' id='word_1_327' title='bbox 1818 2200 2144 2264; x_wconf 79' lang='lat' dir='ltr'>significatione</span> <span class='ocrx_word' id='word_1_328' title='bbox 2175 2202 2321 2267; x_wconf 77' lang='lat' dir='ltr'>paniS‚</span> 
     </span>
     <span class='ocr_line' id='line_1_30' title="bbox 319 2263 2326 2332; baseline 0.002 -21"><span class='ocrx_word' id='word_1_329' title='bbox 319 2265 450 2328; x_wconf 89' lang='lat' dir='ltr'>quod</span> <span class='ocrx_word' id='word_1_330' title='bbox 486 2264 542 2312; x_wconf 90' lang='lat' dir='ltr'>fit</span> <span class='ocrx_word' id='word_1_331' title='bbox 585 2263 759 2311; x_wconf 91' lang='lat' dir='ltr'>bonum</span> <span class='ocrx_word' id='word_1_332' title='bbox 796 2264 964 2310; x_wconf 89' lang='lat' dir='ltr'>amoris</span> <span class='ocrx_word' id='word_1_333' title='bbox 1005 2263 1053 2310; x_wconf 90' lang='lat' dir='ltr'>in</span> <span class='ocrx_word' id='word_1_334' title='bbox 1092 2279 1272 2327; x_wconf 89' lang='lat' dir='ltr'>genere,</span> <span class='ocrx_word' id='word_1_335' title='bbox 1322 2275 1418 2311; x_wconf 89' lang='lat' dir='ltr'>tam</span> <span class='ocrx_word' id='word_1_336' title='bbox 1457 2263 1638 2312; x_wconf 87' lang='lat' dir='ltr'>coeleste</span> <span class='ocrx_word' id='word_1_337' title='bbox 1675 2280 1816 2328; x_wconf 89' lang='lat' dir='ltr'>quam</span> <span class='ocrx_word' id='word_1_338' title='bbox 1855 2265 2097 2329; x_wconf 88' lang='lat' dir='ltr'>spirituale,</span> <span class='ocrx_word' id='word_1_339' title='bbox 2141 2269 2199 2316; x_wconf 90' lang='lat' dir='ltr'>de</span> <span class='ocrx_word' id='word_1_340' title='bbox 2235 2285 2326 2332; x_wconf 88' lang='lat' dir='ltr'>qua</span> 
     </span>
     <span class='ocr_line' id='line_1_31' title="bbox 322 2329 2321 2399; baseline 0.002 -20"><span class='ocrx_word' id='word_1_341' title='bbox 322 2348 384 2379; x_wconf 88' lang='lat' dir='ltr'>n:</span> <span class='ocrx_word' id='word_1_342' title='bbox 413 2332 521 2395; x_wconf 90' lang='lat'><strong>276.</strong></span> <span class='ocrx_word' id='word_1_343' title='bbox 542 2331 650 2379; x_wconf 90' lang='lat'>680.</span> <span class='ocrx_word' id='word_1_344' title='bbox 674 2329 815 2392; x_wconf 83' lang='lat'><strong>2165.</strong></span> <span class='ocrx_word' id='word_1_345' title='bbox 836 2345 982 2394; x_wconf 86' lang='lat'>2177,</span> <span class='ocrx_word' id='word_1_346' title='bbox 1018 2331 1080 2377; x_wconf 88' lang='lat' dir='ltr'>ita</span> <span class='ocrx_word' id='word_1_347' title='bbox 1101 2346 1286 2394; x_wconf 90' lang='lat' dir='ltr'>quoque</span> <span class='ocrx_word' id='word_1_348' title='bbox 1308 2329 1484 2380; x_wconf 84' lang='lat' dir='ltr'>bonum</span> <span class='ocrx_word' id='word_1_349' title='bbox 1508 2331 1621 2388; x_wconf 89' lang='lat' dir='ltr'>veri,</span> <span class='ocrx_word' id='word_1_350' title='bbox 1657 2346 1765 2379; x_wconf 90' lang='lat' dir='ltr'>nam</span> <span class='ocrx_word' id='word_1_351' title='bbox 1803 2331 1892 2380; x_wconf 87' lang='lat' dir='ltr'>hoc</span> <span class='ocrx_word' id='word_1_352' title='bbox 1931 2333 1996 2381; x_wconf 90' lang='lat' dir='ltr'>est</span> <span class='ocrx_word' id='word_1_353' title='bbox 2025 2332 2202 2381; x_wconf 88' lang='lat' dir='ltr'>bonum</span> <span class='ocrx_word' id='word_1_354' title='bbox 2234 2335 2321 2399; x_wconf 91' lang='lat' dir='ltr'>spi-</span> 
     </span>
     <span class='ocr_line' id='line_1_32' title="bbox 324 2395 2322 2460; baseline 0.002 -16"><span class='ocrx_word' id='word_1_355' title='bbox 324 2398 514 2452; x_wconf 70' lang='lat' dir='ltr'>rituale,</span> <span class='ocrx_word' id='word_1_356' title='bbox 550 2397 598 2443; x_wconf 88' lang='lat'>&amp;</span> <span class='ocrx_word' id='word_1_357' title='bbox 636 2411 694 2443; x_wconf 88' lang='lat' dir='ltr'>ex</span> <span class='ocrx_word' id='word_1_358' title='bbox 732 2395 1056 2460; x_wconf 76' lang='lat' dir='ltr'>significatione</span> <span class='ocrx_word' id='word_1_359' title='bbox 1095 2396 1237 2460; x_wconf 89' lang='lat' dir='ltr'>pultis</span> <span class='ocrx_word' id='word_1_360' title='bbox 1274 2396 1486 2455; x_wconf 90' lang='lat' dir='ltr'>lentium,</span> <span class='ocrx_word' id='word_1_361' title='bbox 1519 2397 1649 2460; x_wconf 91' lang='lat' dir='ltr'>quod</span> <span class='ocrx_word' id='word_1_362' title='bbox 1681 2396 1735 2445; x_wconf 79' lang='lat' dir='ltr'>lit</span> <span class='ocrx_word' id='word_1_363' title='bbox 1769 2397 1942 2446; x_wconf 90' lang='lat' dir='ltr'>bonurn</span> <span class='ocrx_word' id='word_1_364' title='bbox 1982 2399 2322 2456; x_wconf 68' lang='lat' dir='ltr'>doctrinalium,</span> 
     </span>
     <span class='ocr_line' id='line_1_33' title="bbox 324 2461 2324 2531; baseline 0.002 -20"><span class='ocrx_word' id='word_1_365' title='bbox 324 2465 429 2528; x_wconf 89' lang='lat' dir='ltr'>puls</span> <span class='ocrx_word' id='word_1_366' title='bbox 452 2464 574 2512; x_wconf 88' lang='lat' dir='ltr'>enirn</span> <span class='ocrx_word' id='word_1_367' title='bbox 596 2461 669 2510; x_wconf 91' lang='lat' dir='ltr'>seu</span> <span class='ocrx_word' id='word_1_368' title='bbox 692 2462 987 2526; x_wconf 87' lang='lat' dir='ltr'>pulmentum</span> <span class='ocrx_word' id='word_1_369' title='bbox 1007 2462 1230 2527; x_wconf 86' lang='lat' dir='ltr'>fignificat</span> <span class='ocrx_word' id='word_1_370' title='bbox 1253 2464 1513 2528; x_wconf 86' lang='lat' dir='ltr'>congeriem</span> <span class='ocrx_word' id='word_1_371' title='bbox 1537 2463 1876 2522; x_wconf 59' lang='lat' dir='ltr'>doctrinalium,</span> <span class='ocrx_word' id='word_1_372' title='bbox 1912 2481 1942 2512; x_wconf 89' lang='lat' dir='ltr'>n</span> <span class='ocrx_word' id='word_1_373' title='bbox 1962 2483 1973 2515; x_wconf 88' lang='lat'>:</span> <span class='ocrx_word' id='word_1_374' title='bbox 2002 2466 2148 2531; x_wconf 83' lang='lat'>3316,</span> <span class='ocrx_word' id='word_1_375' title='bbox 2183 2467 2324 2516; x_wconf 89' lang='lat' dir='ltr'>lentes</span> 
     </span>
     <span class='ocr_line' id='line_1_34' title="bbox 323 2529 2323 2598; baseline 0.003 -21"><span class='ocrx_word' id='word_1_376' title='bbox 323 2544 477 2578; x_wconf 85' lang='lat' dir='ltr'>autern</span> <span class='ocrx_word' id='word_1_377' title='bbox 502 2530 676 2577; x_wconf 90' lang='lat' dir='ltr'>bonum</span> <span class='ocrx_word' id='word_1_378' title='bbox 701 2544 862 2576; x_wconf 89' lang='lat' dir='ltr'>eorum</span> <span class='ocrx_word' id='word_1_379' title='bbox 883 2551 897 2585; x_wconf 88' lang='lat'>;</span> <span class='ocrx_word' id='word_1_380' title='bbox 933 2529 1060 2594; x_wconf 90' lang='lat' dir='ltr'>quod</span> <span class='ocrx_word' id='word_1_381' title='bbox 1081 2529 1230 2591; x_wconf 89' lang='lat' dir='ltr'>Jacob</span> <span class='ocrx_word' id='word_1_382' title='bbox 1251 2529 1326 2578; x_wconf 82' lang='lat' dir='ltr'>illa</span> <span class='ocrx_word' id='word_1_383' title='bbox 1347 2530 1522 2578; x_wconf 87' lang='lat' dir='ltr'>dederit</span> <span class='ocrx_word' id='word_1_384' title='bbox 1545 2529 1711 2589; x_wconf 86' lang='lat' dir='ltr'>Esavo,</span> <span class='ocrx_word' id='word_1_385' title='bbox 1747 2532 1794 2579; x_wconf 91' lang='lat' dir='ltr'>in</span> <span class='ocrx_word' id='word_1_386' title='bbox 1818 2530 1942 2579; x_wconf 91' lang='lat' dir='ltr'>sensu</span> <span class='ocrx_word' id='word_1_387' title='bbox 1974 2532 2153 2582; x_wconf 86' lang='lat' dir='ltr'>interno</span> <span class='ocrx_word' id='word_1_388' title='bbox 2185 2534 2323 2598; x_wconf 82' lang='lat' dir='ltr'>signi-</span> 
     </span>
     <span class='ocr_line' id='line_1_35' title="bbox 322 2594 2324 2664; baseline 0.002 -20"><span class='ocrx_word' id='word_1_389' title='bbox 322 2597 446 2654; x_wconf 87' lang='lat' dir='ltr'>ficat,</span> <span class='ocrx_word' id='word_1_390' title='bbox 483 2596 610 2661; x_wconf 91' lang='lat' dir='ltr'>quod</span> <span class='ocrx_word' id='word_1_391' title='bbox 643 2594 719 2644; x_wconf 89' lang='lat' dir='ltr'>illa</span> <span class='ocrx_word' id='word_1_392' title='bbox 749 2595 868 2642; x_wconf 92' lang='lat' dir='ltr'>bona</span> <span class='ocrx_word' id='word_1_393' title='bbox 897 2595 981 2643; x_wconf 80' lang='lat' dir='ltr'>sint</span> <span class='ocrx_word' id='word_1_394' title='bbox 1009 2612 1090 2660; x_wconf 89' lang='lat' dir='ltr'>per</span> <span class='ocrx_word' id='word_1_395' title='bbox 1120 2595 1376 2645; x_wconf 66' lang='lat' dir='ltr'>docirinam</span> <span class='ocrx_word' id='word_1_396' title='bbox 1399 2597 1512 2654; x_wconf 88' lang='lat' dir='ltr'>veri,</span> <span class='ocrx_word' id='word_1_397' title='bbox 1547 2613 1654 2661; x_wconf 86' lang='lat' dir='ltr'>quae</span> <span class='ocrx_word' id='word_1_398' title='bbox 1686 2613 1766 2661; x_wconf 88' lang='lat' dir='ltr'>per</span> <span class='ocrx_word' id='word_1_399' title='bbox 1788 2597 2016 2660; x_wconf 89' lang='lat' dir='ltr'>Jacobum</span> <span class='ocrx_word' id='word_1_400' title='bbox 2041 2599 2324 2664; x_wconf 84' lang='lat' dir='ltr'>repraesenta-</span> 
     </span>
     <span class='ocr_line' id='line_1_36' title="bbox 323 2661 2323 2730; baseline 0.002 -19"><span class='ocrx_word' id='word_1_401' title='bbox 323 2676 416 2721; x_wconf 84' lang='lat' dir='ltr'>tur,</span> <span class='ocrx_word' id='word_1_402' title='bbox 452 2679 512 2711; x_wconf 89' lang='lat' dir='ltr'>n:</span> <span class='ocrx_word' id='word_1_403' title='bbox 541 2679 684 2728; x_wconf 85' lang='lat'><strong>3305.</strong></span> <span class='ocrx_word' id='word_1_404' title='bbox 754 2662 807 2710; x_wconf 94' lang='lat' dir='ltr'>In</span> <span class='ocrx_word' id='word_1_405' title='bbox 838 2662 1005 2710; x_wconf 90' lang='lat' dir='ltr'>ultimo</span> <span class='ocrx_word' id='word_1_406' title='bbox 1033 2662 1121 2710; x_wconf 91' lang='lat' dir='ltr'>hoc</span> <span class='ocrx_word' id='word_1_407' title='bbox 1143 2661 1304 2720; x_wconf 89' lang='lat' dir='ltr'>Versu,</span> <span class='ocrx_word' id='word_1_408' title='bbox 1348 2679 1430 2729; x_wconf 89' lang='lat' dir='ltr'>per</span> <span class='ocrx_word' id='word_1_409' title='bbox 1465 2664 1565 2711; x_wconf 87' lang='lat' dir='ltr'>haec</span> <span class='ocrx_word' id='word_1_410' title='bbox 1598 2663 1754 2722; x_wconf 90' lang='lat' dir='ltr'>verba,</span> <span class='ocrx_word' id='word_1_411' title='bbox 1804 2665 1856 2713; x_wconf 79' lang='grc' dir='ltr'>δι</span> <span class='ocrx_word' id='word_1_412' title='bbox 1894 2680 1976 2729; x_wconf 88' lang='lat' dir='ltr'>per</span> <span class='ocrx_word' id='word_1_413' title='bbox 2011 2665 2086 2714; x_wconf 90' lang='lat' dir='ltr'>illa</span> <span class='ocrx_word' id='word_1_414' title='bbox 2122 2683 2229 2730; x_wconf 84' lang='lat' dir='ltr'>quae</span> <span class='ocrx_word' id='word_1_415' title='bbox 2261 2667 2323 2715; x_wconf 89' lang='lat' dir='ltr'>se-</span> 
     </span>
     <span class='ocr_line' id='line_1_37' title="bbox 322 2728 2327 2796; baseline 0.002 -19"><span class='ocrx_word' id='word_1_416' title='bbox 322 2742 545 2793; x_wconf 86' lang='lat' dir='ltr'>quuntur,</span> <span class='ocrx_word' id='word_1_417' title='bbox 580 2728 844 2778; x_wconf 87' lang='lat' dir='ltr'>describitur</span> <span class='ocrx_word' id='word_1_418' title='bbox 880 2729 1133 2794; x_wconf 79' lang='lat' dir='ltr'>progressus</span> <span class='ocrx_word' id='word_1_419' title='bbox 1171 2729 1327 2795; x_wconf 88' lang='lat' dir='ltr'>quoad</span> <span class='ocrx_word' id='word_1_420' title='bbox 1359 2745 1524 2778; x_wconf 89' lang='lat' dir='ltr'>verum</span> <span class='ocrx_word' id='word_1_421' title='bbox 1558 2730 1609 2778; x_wconf 78' lang='grc' dir='ltr'>ὅτ,</span> <span class='ocrx_word' id='word_1_422' title='bbox 1636 2730 1830 2788; x_wconf 89' lang='lat' dir='ltr'>bonum,</span> <span class='ocrx_word' id='word_1_423' title='bbox 1864 2733 2106 2796; x_wconf 91' lang='lat' dir='ltr'>quomodo</span> <span class='ocrx_word' id='word_1_424' title='bbox 2127 2734 2169 2781; x_wconf 91' lang='lat' dir='ltr'>se</span> <span class='ocrx_word' id='word_1_425' title='bbox 2191 2735 2327 2783; x_wconf 87' lang='lat' dir='ltr'>habet</span> 
     </span>
     <span class='ocr_line' id='line_1_38' title="bbox 323 2794 2328 2863; baseline 0.003 -21"><span class='ocrx_word' id='word_1_426' title='bbox 323 2797 446 2859; x_wconf 90' lang='lat' dir='ltr'>apud</span> <span class='ocrx_word' id='word_1_427' title='bbox 476 2797 710 2845; x_wconf 90' lang='lat' dir='ltr'>hominem</span> <span class='ocrx_word' id='word_1_428' title='bbox 743 2794 1017 2860; x_wconf 87' lang='lat' dir='ltr'>spiritualem</span> <span class='ocrx_word' id='word_1_429' title='bbox 1048 2811 1157 2844; x_wconf 90' lang='lat' dir='ltr'>cum</span> <span class='ocrx_word' id='word_1_430' title='bbox 1190 2809 1491 2861; x_wconf 86' lang='lat' dir='ltr'>regeneratur,</span> <span class='ocrx_word' id='word_1_431' title='bbox 1540 2813 1705 2863; x_wconf 89' lang='lat' dir='ltr'>nempe</span> <span class='ocrx_word' id='word_1_432' title='bbox 1736 2798 1864 2862; x_wconf 90' lang='lat' dir='ltr'>quod</span> <span class='ocrx_word' id='word_1_433' title='bbox 1889 2800 2095 2862; x_wconf 90' lang='lat' dir='ltr'>primurn</span> <span class='ocrx_word' id='word_1_434' title='bbox 2130 2800 2328 2855; x_wconf 83' lang='lat' dir='ltr'>addiscat</span> 
     </span>
     <span class='ocr_line' id='line_1_39' title="bbox 324 2862 2325 2928; baseline 0.004 -20"><span class='ocrx_word' id='word_1_435' title='bbox 324 2862 588 2914; x_wconf 68' lang='lat' dir='ltr'>doctrinalia</span> <span class='ocrx_word' id='word_1_436' title='bbox 617 2864 746 2918; x_wconf 87' lang='lat' dir='ltr'>veri;</span> <span class='ocrx_word' id='word_1_437' title='bbox 791 2863 895 2910; x_wconf 90' lang='lat' dir='ltr'>dein</span> <span class='ocrx_word' id='word_1_438' title='bbox 934 2863 1061 2927; x_wconf 92' lang='lat' dir='ltr'>quod</span> <span class='ocrx_word' id='word_1_439' title='bbox 1097 2863 1184 2912; x_wconf 89' lang='lat' dir='ltr'>illis</span> <span class='ocrx_word' id='word_1_440' title='bbox 1219 2864 1455 2922; x_wconf 88' lang='lat' dir='ltr'>afficiatur,</span> <span class='ocrx_word' id='word_1_441' title='bbox 1490 2864 1619 2928; x_wconf 91' lang='lat' dir='ltr'>quod</span> <span class='ocrx_word' id='word_1_442' title='bbox 1654 2864 1718 2912; x_wconf 86' lang='lat' dir='ltr'>est</span> <span class='ocrx_word' id='word_1_443' title='bbox 1758 2865 1932 2913; x_wconf 87' lang='lat' dir='ltr'>bonum</span> <span class='ocrx_word' id='word_1_444' title='bbox 1970 2866 2325 2924; x_wconf 68' lang='lat' dir='ltr'>doctrinalium3</span> 
     </span>
     <span class='ocr_line' id='line_1_40' title="bbox 325 2928 2326 2999; baseline 0.004 -24"><span class='ocrx_word' id='word_1_445' title='bbox 325 2928 475 2990; x_wconf 82' lang='lat' dir='ltr'>postea</span> <span class='ocrx_word' id='word_1_446' title='bbox 513 2930 640 2994; x_wconf 88' lang='lat' dir='ltr'>quod</span> <span class='ocrx_word' id='word_1_447' title='bbox 676 2930 1086 2994; x_wconf 77' lang='lat' dir='ltr'>per.intuitionem</span> <span class='ocrx_word' id='word_1_448' title='bbox 1119 2931 1166 2978; x_wconf 92' lang='lat' dir='ltr'>in</span> <span class='ocrx_word' id='word_1_449' title='bbox 1197 2930 1461 2980; x_wconf 59' lang='lat' dir='ltr'>doctrinalia</span> <span class='ocrx_word' id='word_1_450' title='bbox 1483 2931 1700 2980; x_wconf 87' lang='lat' dir='ltr'>afficiatur</span> <span class='ocrx_word' id='word_1_451' title='bbox 1721 2934 1839 2980; x_wconf 87' lang='lat' dir='ltr'>veris</span> <span class='ocrx_word' id='word_1_452' title='bbox 1862 2948 1969 2996; x_wconf 88' lang='lat' dir='ltr'>quae</span> <span class='ocrx_word' id='word_1_453' title='bbox 1990 2933 2035 2981; x_wconf 90' lang='lat' dir='ltr'>in</span> <span class='ocrx_word' id='word_1_454' title='bbox 2060 2934 2164 2993; x_wconf 89' lang='lat' dir='ltr'>illis,</span> <span class='ocrx_word' id='word_1_455' title='bbox 2198 2937 2326 2999; x_wconf 91' lang='lat' dir='ltr'>quod</span> 
     </span>
     <span class='ocr_line' id='line_1_41' title="bbox 326 2993 2326 3063; baseline 0.005 -24"><span class='ocrx_word' id='word_1_456' title='bbox 326 2993 390 3040; x_wconf 89' lang='lat' dir='ltr'>est</span> <span class='ocrx_word' id='word_1_457' title='bbox 415 2994 588 3049; x_wconf 80' lang='lat' dir='ltr'>bonurn</span> <span class='ocrx_word' id='word_1_458' title='bbox 610 2998 741 3052; x_wconf 87' lang='lat' dir='ltr'>veri;</span> <span class='ocrx_word' id='word_1_459' title='bbox 777 2996 961 3044; x_wconf 87' lang='lat' dir='ltr'>tandem</span> <span class='ocrx_word' id='word_1_460' title='bbox 993 2998 1123 3061; x_wconf 90' lang='lat' dir='ltr'>quod</span> <span class='ocrx_word' id='word_1_461' title='bbox 1155 2997 1269 3046; x_wconf 84' lang='lat' dir='ltr'>velit</span> <span class='ocrx_word' id='word_1_462' title='bbox 1299 2999 1455 3046; x_wconf 86' lang='lat' dir='ltr'>vivere</span> <span class='ocrx_word' id='word_1_463' title='bbox 1494 2997 1746 3046; x_wconf 87' lang='lat' dir='ltr'>secundum</span> <span class='ocrx_word' id='word_1_464' title='bbox 1788 2999 1880 3057; x_wconf 88' lang='lat' dir='ltr'>illa,</span> <span class='ocrx_word' id='word_1_465' title='bbox 1915 2999 2042 3063; x_wconf 92' lang='lat' dir='ltr'>quod</span> <span class='ocrx_word' id='word_1_466' title='bbox 2065 3001 2129 3048; x_wconf 91' lang='lat' dir='ltr'>est</span> <span class='ocrx_word' id='word_1_467' title='bbox 2151 3002 2326 3049; x_wconf 87' lang='lat' dir='ltr'>bonum</span> 
     </span>
     <span class='ocr_line' id='line_1_42' title="bbox 326 3059 2328 3142; baseline 0.005 -37"><span class='ocrx_word' id='word_1_468' title='bbox 326 3059 471 3116; x_wconf 68' lang='lat' dir='ltr'>vitae,</span> <span class='ocrx_word' id='word_1_469' title='bbox 514 3062 576 3110; x_wconf 90' lang='lat' dir='ltr'>ita</span> <span class='ocrx_word' id='word_1_470' title='bbox 612 3062 756 3110; x_wconf 90' lang='lat' dir='ltr'>homo</span> <span class='ocrx_word' id='word_1_471' title='bbox 795 3062 1049 3128; x_wconf 86' lang='lat' dir='ltr'>spiritualis,</span> <span class='ocrx_word' id='word_1_472' title='bbox 1085 3080 1196 3112; x_wconf 89' lang='lat' dir='ltr'>cum</span> <span class='ocrx_word' id='word_1_473' title='bbox 1235 3076 1536 3142; x_wconf 76' lang='lat' dir='ltr'>regeneratur,</span> <span class='ocrx_word' id='word_1_474' title='bbox 1584 3066 1793 3130; x_wconf 87' lang='lat' dir='ltr'>procedit</span> <span class='ocrx_word' id='word_1_475' title='bbox 1829 3082 1854 3112; x_wconf 92' lang='lat' dir='ltr'>a</span> <span class='ocrx_word' id='word_1_476' title='bbox 1894 3066 2099 3115; x_wconf 63' lang='lat' dir='ltr'>doctrina</span> <span class='ocrx_word' id='word_1_477' title='bbox 2137 3070 2232 3115; x_wconf 88' lang='lat' dir='ltr'>veri</span> <span class='ocrx_word' id='word_1_478' title='bbox 2272 3069 2328 3116; x_wconf 87' lang='lat' dir='ltr'>ad</span> 
     </span>
     <span class='ocr_line' id='line_1_43' title="bbox 326 3124 2330 3192; baseline 0.004 -21"><span class='ocrx_word' id='word_1_479' title='bbox 326 3124 503 3172; x_wconf 88' lang='lat' dir='ltr'>bonum</span> <span class='ocrx_word' id='word_1_480' title='bbox 523 3129 663 3175; x_wconf 84' lang='lat' dir='ltr'>vitae:</span> <span class='ocrx_word' id='word_1_481' title='bbox 701 3144 809 3176; x_wconf 91' lang='lat' dir='ltr'>cum</span> <span class='ocrx_word' id='word_1_482' title='bbox 842 3141 995 3178; x_wconf 88' lang='lat' dir='ltr'>autem</span> <span class='ocrx_word' id='word_1_483' title='bbox 1032 3132 1080 3177; x_wconf 87' lang='lat' dir='ltr'>in</span> <span class='ocrx_word' id='word_1_484' title='bbox 1118 3131 1243 3179; x_wconf 91' lang='lat' dir='ltr'>bono</span> <span class='ocrx_word' id='word_1_485' title='bbox 1269 3144 1382 3180; x_wconf 77' lang='lat' dir='ltr'>vitae</span> <span class='ocrx_word' id='word_1_486' title='bbox 1415 3131 1497 3189; x_wconf 90' lang='lat' dir='ltr'>est,</span> <span class='ocrx_word' id='word_1_487' title='bbox 1533 3143 1644 3180; x_wconf 90' lang='lat' dir='ltr'>tunc</span> <span class='ocrx_word' id='word_1_488' title='bbox 1674 3132 1912 3180; x_wconf 87' lang='lat' dir='ltr'>invertitur</span> <span class='ocrx_word' id='word_1_489' title='bbox 1933 3132 2065 3192; x_wconf 92' lang='lat' dir='ltr'>ordo,</span> <span class='ocrx_word' id='word_1_490' title='bbox 2100 3136 2150 3182; x_wconf 85' lang='lat'>&amp;</span> <span class='ocrx_word' id='word_1_491' title='bbox 2174 3151 2229 3181; x_wconf 83' lang='lat' dir='ltr'>ex</span> <span class='ocrx_word' id='word_1_492' title='bbox 2251 3135 2330 3181; x_wconf 86' lang='lat' dir='ltr'>illo</span> 
     </span>
    </p>
   </div>
   <div class='ocr_carea' id='block_1_3' title="bbox 326 3179 2431 3257">
    <p class='ocr_par' dir='ltr' id='par_1_6' title="bbox 326 3179 2431 3257">
     <span class='ocr_line' id='line_1_44' title="bbox 326 3179 2431 3257; baseline 0.007 -21"><span class='ocrx_word' id='word_1_493' title='bbox 326 3190 450 3237; x_wconf 90' lang='lat' dir='ltr'>bono</span> <span class='ocrx_word' id='word_1_494' title='bbox 473 3179 637 3254; x_wconf 67' lang='lat' dir='ltr'>spe&amp;at</span> <span class='ocrx_word' id='word_1_495' title='bbox 659 3193 834 3242; x_wconf 86' lang='lat' dir='ltr'>bonum</span> <span class='ocrx_word' id='word_1_496' title='bbox 857 3198 970 3253; x_wconf 89' lang='lat' dir='ltr'>veri,</span> <span class='ocrx_word' id='word_1_497' title='bbox 1006 3196 1063 3244; x_wconf 88' lang='lat' dir='ltr'>ab</span> <span class='ocrx_word' id='word_1_498' title='bbox 1086 3199 1174 3246; x_wconf 90' lang='lat' dir='ltr'>hoc</span> <span class='ocrx_word' id='word_1_499' title='bbox 1215 3198 1392 3247; x_wconf 89' lang='lat' dir='ltr'>bonum</span> <span class='ocrx_word' id='word_1_500' title='bbox 1430 3197 1770 3257; x_wconf 67' lang='lat' dir='ltr'>doctrinalium,</span> <span class='ocrx_word' id='word_1_501' title='bbox 1805 3200 1855 3247; x_wconf 88' lang='lat'>&amp;</span> <span class='ocrx_word' id='word_1_502' title='bbox 1878 3199 1936 3247; x_wconf 87' lang='lat' dir='ltr'>ab</span> <span class='ocrx_word' id='word_1_503' title='bbox 1959 3199 2045 3248; x_wconf 94' lang='lat' dir='ltr'>hoc</span> <span class='ocrx_word' id='word_1_504' title='bbox 2069 3201 2330 3248; x_wconf 69' lang='lat' dir='ltr'>doctrinalia</span> <span class='ocrx_word' id='word_1_505' title='bbox 2429 3248 2431 3251; x_wconf 85' lang='grc'><em>,</em></span> 
     </span>
    </p>
   </div>
   <div class='ocr_carea' id='block_1_4' title="bbox 324 3257 2332 3395">
    <p class='ocr_par' dir='ltr' id='par_1_7' title="bbox 324 3257 2332 3395">
     <span class='ocr_line' id='line_1_45' title="bbox 324 3257 2328 3378; baseline 0.004 -75"><span class='ocrx_word' id='word_1_506' title='bbox 324 3258 419 3304; x_wconf 88' lang='lat' dir='ltr'>veri</span> <span class='ocrx_word' id='word_1_507' title='bbox 440 3257 548 3314; x_wconf 82' lang='lat' dir='ltr'>;&#39;ex</span> <span class='ocrx_word' id='word_1_508' title='bbox 580 3258 669 3306; x_wconf 87' lang='lat' dir='ltr'>illis</span> <span class='ocrx_word' id='word_1_509' title='bbox 700 3258 797 3307; x_wconf 85' lang='lat' dir='ltr'>sciri</span> <span class='ocrx_word' id='word_1_510' title='bbox 830 3261 993 3326; x_wconf 85' lang='lat' dir='ltr'>potest,</span> <span class='ocrx_word' id='word_1_511' title='bbox 1026 3265 1270 3328; x_wconf 86' lang='lat' dir='ltr'>quomodo</span> <span class='ocrx_word' id='word_1_512' title='bbox 1295 3266 1438 3316; x_wconf 84' lang='lat' dir='ltr'>horno</span> <span class='ocrx_word' id='word_1_513' title='bbox 1458 3281 1483 3314; x_wconf 90' lang='lat' dir='ltr'>a</span> <span class='ocrx_word' id='word_1_514' title='bbox 1506 3264 1688 3315; x_wconf 88' lang='lat' dir='ltr'>sensuali</span> <span class='ocrx_word' id='word_1_515' title='bbox 1711 3265 1894 3315; x_wconf 86' lang='lat' dir='ltr'>homine</span> <span class='ocrx_word' id='word_1_516' title='bbox 1916 3266 1971 3314; x_wconf 85' lang='lat' dir='ltr'>fit</span> <span class='ocrx_word' id='word_1_517' title='bbox 1994 3266 2328 3378; x_wconf 58' lang='lat' dir='ltr'>spiritualis’al&amp;</span> 
     </span>
     <span class='ocr_line' id='line_1_46' title="bbox 1734 3347 2332 3395; baseline 0.013 -25"><span class='ocrx_word' id='word_1_518' title='bbox 1734 3366 1739 3370; x_wconf 90' lang='lat'>.</span> <span class='ocrx_word' id='word_1_519' title='bbox 2189 3347 2250 3395; x_wconf 82' lang='lat' dir='ltr'>qU</span> <span class='ocrx_word' id='word_1_520' title='bbox 2297 3347 2332 3378; x_wconf 64' lang='lat'>18</span> 
     </span>
    </p>
   </div>
  </div>
 </body>
</html>
