2872 3730
465 267 590 330 1-&8
879 264 1188 332 GE
1283 265 1370 330 N
1452 265 1515 330 E
1575 263 1660 331 ‘S
1750 264 1798 333 Ῑ
1879 263 1947 332 S.

468 395 664 452 onmem,
702 394 866 458 quibus
890 395 978 444 tale
1001 395 1065 444 est
1087 396 1245 451 cibus3
1282 412 1390 444 cum
1430 397 1553 445 enim
1591 413 1672 462 per
1705 396 1905 461 camelos*
1935 396 2212 461 significatur
2234 394 2466 448 Naturalis

468 463 611 508 homo
650 462 800 524 quoad
840 464 1107 510 communia
1146 462 1386 526 scientifica
1425 462 1506 520 ibi,
1563 475 1675 511 tunc
1708 479 1792 528 per
1828 464 1985 512 cibum
2030 462 2143 527 ejus,
2186 480 2351 529 nempe
2388 481 2469 530 per

473 528 686 584 stramen,
723 544 814 576 non
848 529 970 576 aliud
1010 528 1250 591 significari
1289 529 1452 593 potest,
1491 545 1584 577 non
1608 531 1732 578 enim
1765 531 1808 581 ei
1837 531 1950 578 alius
1983 530 2112 578 cibus
2135 529 2216 587 est,
2255 534 2336 595 qui
2358 534 2470 580 vitae

469 592 588 657 ejus,
623 596 812 642 nutritio
833 592 928 659 ejus
948 594 1011 642 est
1033 595 1172 651 inde3
1210 595 1393 643 -fi'enim
1412 597 1455 650 ,ei
1479 596 1692 644 deficeret
1719 597 1818 644 talis
1841 597 1986 654 cibus,
2019 613 2186 662 nempe
2220 596 2344 655 scire,
2379 615 2472 647 non

472 660 724 708 subfisteret
744 684 757 717 ·‚
799 662 927 724 quod
946 663 1013 708 ita
1035 662 1104 719 fit,
1142 674 1267 726 patet
1297 678 1322 709 a
1345 664 1444 709 vita
1464 663 1566 726 post
1589 676 1806 720 mortem,
1841 676 1952 711 tunc
1975 665 2098 711 enim
2122 664 2225 712 talia
2246 664 2475 728 spiritibus

471 727 584 775 loco
617 726 707 775 cibi
730 726 848 785 sunt,
885 728 1093 775 videatur
1127 745 1188 776 n:
1214 730 1291 791 56.
1317 745 1395 793 57..
1423 735 1500 792 58.
1529 730 1640 778 680.
1666 730 1776 779 681.
1808 735 1948 795 1480.
1978 731 2117 796 1695.
2161 746 2299 796 1973·
2333 747 2472 797 1974.

476 793 534 841 In
561 794 747 841 naturali
772 794 972 852 homine,
1009 795 1121 842 sicut
1143 796 1188 841 in
1214 795 1445 853 rationali,
1468 795 1571 843 sunt
1593 794 1690 843 duo
1715 796 1764 843 in
1785 798 2042 854 communi,
2065 812 2173 860 quae
2195 797 2477 847 constituunt

482 860 708 908 efl'entiam
740 858 850 923 ejus,
887 873 1050 925 nempe
1075 861 1390 910 intellectualia
1419 863 1470 910 δε
1491 862 1773 918 voluntaria;
1812 862 1871 909 ad
1905 863 2220 911 intellectualia
2251 865 2480 928 pertinent

482 942 603 984 vera,
639 925 696 973 ad
721 927 972 974 voluntaria
1002 929 1227 991 pertinent
1252 928 1403 985 bona·,
1437 944 1547 981 vera.
1574 928 1785 977 naturalis
1819 927 2017 976 hominis
2049 928 2152 977 finnt
2173 945 2279 978 vera
2301 929 2481 978 scienti-

481 993 586 1049 fica,
620 1008 907 1056 quaecunque
930 1010 1094 1057 nempe
1128 995 1175 1051 in
1198 996 1430 1044 Memoria
1460 993 1558 1058 ejus
1588 1007 1770 1053 externa
1803 994 1919 1052 sunt,
1954 994 2055 1044 haec
2077 994 2181 1044 sunt
2200 1012 2309 1060 quae
2339 996 2481 1060 figni-

483 1059 675 1106 ficantur
697 1074 778 1122 per
800 1059 991 1107 stramen
1017 1076 1130 1113 curn.
1148 1062 1299 1123 agitur
1319 1061 1595 1117 desscameliQ
1629 1062 1767 1116 etiam
1804 1061 1862 1109 de
1885 1064 2031 1134 equis,
2051 1062 2202 1119 ,mulis
2235 1065 2285 1111 δε
2317 1062 2478 1120 armis:

479 1125 605 1173 bona
643 1138 792 1171 autern
831 1125 1043 1177 naturalis
1075 1125 1293 1183 hominis,
1328 1126 1431 1174 sunt
1456 1125 1666 1192 jucunda
1698 1128 1925 1190 imprimis
1957 1144 2066 1192 quae
2100 1127 2203 1176 sunt
2229 1128 2480 1185 affectionis

484 1192 667 1240 illorum
693 1207 918 1238 verorum.
1360 1206 1365 1209 ·

557 1275 697 1322 3115.
736 1257 895 1305 Etiam
932 1257 1058 1309 locus
1091 1257 1149 1305 ad
1184 1258 1561 1322 pernoctandum,
1602 1257 1989 1323 quodnfignificet
2024 1257 2209 1317 statum,
2248 1259 2482 1310 constat-a

484 1324 812 1387 significatione
851 1324 958 1382 loci,
993 1324 1121 1388 quod
1160 1325 1215 1372 sit
1253 1325 1409 1383 status,
1451 1325 1508 1373 de
1539 1339 1632 1389 qua
1670 1342 1731 1379 n:
1754 1326 1897 1388 2625.
1926 1329 2090 1390 28373
2130 1326 2180 1373 δι
2214 1341 2239 1373 a
2261 1325 2485 1390 fignifica-

485 1393 610 1438 tione
635 1390 909 1454 pernoctare,
945 1391 1073 1454 quod
1096 1390 1149 1438 fit
1173 1407 1351 1440 manere
1373 1392 1448 1440 seu
1479 1392 1755 1440 mansionem
1791 1391 1999 1450 habere,
2017 1391 2094 1449 vde
2113 1406 2203 1455 qua
2219 1408 2267 1450 gn
2287 1409 2346 1443 :-2
2354 1411 2380 1458 3
2387 1411 2450 1459 39
2454 1415 2489 1452 ‚¹-

484 1457 572 1514 hic¹
600 1459 748 1520 itaque
781 1456 920 1505 status
954 1457 1199 1506 affectionis
1223 1459 1322 1513 vet-i
1342 1475 1407 1507 ex
1443 1459 1746 1524 qualorigine
1765 1473 1789 1515 εἰ
1821 1455 1916 1523 ejus
1949 1458 2083 1523 origo
2101 1457 2373 1518 describitur
2397 1475 2486 1526 »per

485 1524 577 1579 illa,
611 1539 717 1586 quae
737 1523 1107 1588 repraesentantur
1130 1541 1210 1588 per
1228 1525 1514 1581 Bethuelem,
1553 1524 1804 1582 Milck‘am,
1840 1525 2190 1583 &-Nachorem,
2222 1524 2483 1588 acejuslaf·

484 1589 678 1636 finitates
712 1605 792 1652 per
813 1589 1048 1645 Labanem
1083 1592 1148 1654 in·
1165 1589 1479 1655 sequentibus;
1520 1606 1628 1654 quae
1659 1592 1807 1653 origo,
1830 1591 1957 1653 ,quia
1970 1588 2172 1647 obscura,
2208 1590 2485 1655 fignificatut

486 1655 626 1713 flatus
649 1653 743 1718 ejus
766 1672 844 1719 per
866 1652 1021 1705 locum
1044 1658 1413 1720 pernoctationis,
1444 1669 1497 1704 ut
1517 1671 1717 1720 quoque,
1738 1656 1880 1719 supra.
2062 1660 2076 1719 J
2302 1674 2321 1713 ᾗ
2356 1709 2360 1713 ,
2419 1690 2439 1715 ·.

558 1723 700 1784 3116.
737 1723 789 1768 In
813 1722 880 1769 his
902 1722 1045 1773 tribus
1066 1722 1281 1777 Versibus
1313 1725 1463 1786 agitur
1495 1722 1552 1777 de
1571 1721 1893 1786 exploratione
1916 1723 2011 1770 veri
2041 1721 2483 1787 quod-initiandum

487 1789 538 1835 &
562 1787 620 1834 fic
643 1785 1017 1852 conjungendum
1041 1787 1180 1846 bono,
1217 1787 1479 1853 &quidem
1503 1789 1728 1852 imprimis
1761 1804 1821 1842 ex,
1849 1805 1942 1852 qua
1962 1789 2156 1852 origine,
2189 1805 2295 1837 nam
2318 1788 2374 1837 ab
2391 1791 2486 1850 priv

485 1856 595 1917 gine
617 1855 771 1901 omnia
793 1856 839 1901 &
862 1854 1040 1918 fingula
1061 1850 1319 1919 dependent
1334 1878 1359 1912 ς,
1386 1855 1682 1913 derivationes
1720 1855 1826 1902 inde
1859 1866 1913 1901 ut
1934 1871 1960 1901 e
1990 1855 2139 1910 radice
2161 1854 2255 1912 sua,
2277 1854 2362 1913 -seu
2385 1867 2438 1915 ut
2458 1872 2487 1904 e

487 1920 655 1967 semine
678 1919 774 1977 suo,
810 1920 993 1969 trahunt
1013 1919 1140 1974 suam
1169 1920 1387 1979 formam,
1423 1922 1536 1984 sicut
1574 1938 1601 1968 a
1633 1920 1721 1968 suis
1760 1920 1912 1984 planta
1949 1934 2028 1979 aut
2062 1920 2225 1969 arbor:
2252 1920 2362 1982 'haec
2383 1923 2486 1982 Do-

487 1989 639 2034 minus
662 1988 785 2050 apud
809 1987 866 2034 Se
897 2002 955 2034 ex
977 1988 1154 2036 Divino
1173 1988 1293 2036 vidit
1317 1991 1365 2036 &
1390 1988 1660 2052 exploravit,
1695 1987 1746 2035 &
1769 2002 1828 2034 ex
1857 1989 2042 2051 propria
2078 1986 2292 2052 sapientia
2323 1988 2394 2046 &j
2413 1989 2486 2045 ,in-

487 2052 736 2116 telligentia
760 2052 970 2110 initiavit,
1006 2066 1179 2119 n‘empe
1193 2069 1299 2102 vera
1320 2054 1441 2109 bono
1465 2054 1748 2110 Rationalis·,
1785 2051 2148 2118 ipsaexploratio
2170 2053 2243 2102 hic
2281 2055 2328 2101 in
2361 2053 2485 2102 sensu

490 2119 668 2166 interno
704 2118 984 2177 describitur,
1020 2119 1094 2168 sed
1135 2137 1242 2184 quae
1280 2121 1361 2177 ibi,
1396 2122 1686 2184 paucissimis
1707 2120 1922 2184 explicari
1960 2120 2173 2183 poffunt:
2216 2119 2488 2183 Exploratio

491 2201 679 2248 quoque
702 2184 766 2232 est
787 2186 910 2248 apud
942 2188 1299 2250 unumquemvis
1334 2187 1571 2244 hominem
1605 2187 1687 2250 qui
1719 2183 2013 2244 reformatur,
2049 2198 2151 2234 tum
2175 2187 2256 2248 qui
2280 2187 2488 2250 reliquias

489 2251 669 2314 accipit,
706 2250 781 2298 sed
806 2251 862 2298 de
884 2252 1190 2315 exploratione
1228 2253 1304 2301 illa
1325 2253 1477 2310 homo
1517 2270 1573 2301 ne
1610 2253 1755 2305 hilum
1789 2253 1935 2311 novit,
1970 2251 2035 2303 est
2056 2254 2097 2299 ei
2111 2253 2248 2309 'stain
2273 2252 2486 2311 obscuro,

489 2329 540 2376 ut
563 2333 617 2363 ne
640 2317 828 2380 quidem
853 2319 1003 2366 credat
1024 2321 1151 2382 quod
1176 2318 1247 2377 fit,
1283 2335 1394 2368 curn
1426 2322 1578 2368 tamen
1608 2318 1822 2367 omnibus
1858 2320 2102 2366 momentis
2131 2317 2314 2378 fit,;,sed
2337 2336 2364 2367 a
2384 2320 2487 2376 Dos-

489 2384 635 2439 mino,
671 2384 751 2446 qui
788 2382 905 2430 solus
940 2385 1067 2432 videt
1106 2385 1270 2439 statum
1308 2386 1527 2445 hominis,
1557 2402 1650 2434 non
1672 2386 1816 2442 modo
1838 2383 2391 2449 praesentem,1sed,etiam
2414 2384 2489 2442 fu-

488 2461 645 2495 turum
671 2450 714 2496 in
739 2462 977 2498 aeternum.
1046 2452 1319 2516 Exploratio
1338 2453 1402 2501 est
1424 2453 1762 2517 exquifitiffima*
1794 2452 1986 2508 libratio,
2022 2467 2078 2498 ne
2105 2452 2363 2508 min-imum
2390 2450 2486 2500 falfi

493 2512 794 2578 conjungatur
834 2517 972 2573 bono,
1020 2534 1102 2564 nec
1143 2521 1392 2566 minimum
1431 2521 1528 2566 veri
1566 2516 1872 2580 conjungatur
1907 2516 2061 2571 malo;
2103 2516 2139 2562 si
2169 2516 2287 2572 haec,
2322 2518 2487 2579 periret

492 2580 635 2626 homo
670 2583 718 2626 in
757 2593 1015 2637 aeternum·‚
1063 2583 1270 2645 penderit
1307 2587 1432 2630 enim
1469 2596 1580 2630 tunc
1619 2585 1666 2629 in
1704 2582 1838 2637 altera
1875 2584 1971 2627 vita
2008 2582 2122 2641 inter
2165 2578 2393 2639 infernum
2433 2583 2485 2641 ὃς

495 2642 687 2701 coelum,
713 2646 762 2692 &
780 2658 964 2708 propter
988 2647 1161 2693 bonum
1184 2647 1471 2711 exspueretur
1489 2647 1546 2694 ab
1569 2646 1761 2703 infernO,
1785 2647 1835 2694 &
1858 2659 2044 2709 propter,⁴
2068 2645 2244 2705 malum
2266 2647 2450 2708 a-coelo.

567 2727 623 2773 31
638 2726 711 2774 17.
746 2711 867 2757 Vers
876 2729 889 2768 ς
915 2712 990 2760 26.
1016 2728 1103 2777 27„
1127 2714 1190 2759 Et
1211 2713 1374 2773 inflexit
1387 2714 1436 2775 se
1465 2714 1557 2768 vir,
1590 2713 1921 2769 &incurvavit
1941 2712 1992 2774 fh
2013 2711 2217 2774 Jehovae,
2267 2714 2338 2759 Et-
2353 2713 2485 2771 dixit,

494 2776 741 2825 Benediblus
761 2776 965 2839 Jehovah
988 2778 1106 2825 Deus
1127 2778 1282 2825 domini
1301 2781 1383 2826 mei
1397 2778 1655 2836 Abrahami,
1673 2780 1762 2841 -qui
1793 2793 1879 2824 ‘non
1916 2777 2489 2841 dereliquit-misericordiam

485 2842 629 2904 suam,
664 2841 720 2890 &²
743 2844 971 2890 veritatem
982 2844 1126 2906 suam,
1152 2861 1189 2891 va
1213 2860 1305 2891 cum
1325 2844 1486 2891 domino
1507 2860 1592 2892 meo
1613 2866 1628 2899 3
1663 2860 1735 2906 ego
1757 2846 1804 2891 in
1825 2845 1922 2902 via,
1957 2843 2080 2890 duxit
2102 2860 2166 2891 me
2186 2845 2390 2906 Jehovah
2411 2845 2488 2903 doff-

495 2922 606 2956 mum
632 2907 833 2968 fratrum
871 2908 1027 2955 domini
1055 2911 1149 2957 mei.
1217 2910 1397 2957 Infiexit
1419 2909 1460 2956 se
1481 2911 1569 2966 vir,
1604 2911 1654 2956 ὅτ
1679 2911 1937 2956 incurvavit
1959 2909 2001 2956 se
2023 2908 2233 2970 Jehovae,
2268 2910 2491 2973 significat

495 2972 702 3023 laetitiam
727 2974 776 3021 &
799 2974 1054 3037 gaudium:
1089 2975 1153 3023 Et
1177 2974 1313 3033 dixit,
1347 2976 1618 3033 Benedictus
1638 2976 1670 3035 J
1673 2975 1845 3033 ehovah
1865 2976 1993 3034 ⁴Deus
2025 2976 2202 3037 domini
2226 2980 2317 3024 mei
2339 2977 2488 3025 Abra-

495 3038 635 3094 hami,
671 3039 891 3102 significat
927 3041 999 3087 hic
1040 3053 1092 3088 ut
1127 3042 1269 3105 prius,
1303 3058 1360 3089 ex
1381 3043 1557 3089 Divino
1580 3041 1695 3105 Ipso-
1720 3042 1768 3088 &
1797 3042 1973 3088 Divino
1996 3042 2255 3103 Humano:
2293 3044 2489 3106 quinon

449 3136 463 3152 .
494 3104 733 3166 dereliquit
768 3106 1119 3154 misericordiam
1158 3107 1301 3164 suam,
1337 3108 1571 3171 fignificat
1595 3107 1931 3171 perceptionem
1971 3108 2168 3170 influxus
2205 3112 2400 3170 amoris:
2421 3111 2488 3158 ⁷&

493 3172 728 3234 veritatem
754 3170 877 3218 suam
902 3188 928 3220 a
951 3189 1058 3222 cum
1082 3174 1275 3222 domino
1298 3190 1421 3230 meo,
1457 3173 1678 3237 fignificat
1710 3174 1935 3221 influxum
1975 3173 2195 3235 charitatis
2228 3174 2363 3237 inde:
2399 3191 2491 3238 ego

492 3237 538 3292 in
564 3238 649 3301 via,
686 3237 907 3302 fignificat
945 3239 1073 3306 quod
1112 3241 1160 3289 in
1200 3240 1311 3293 statu
1349 3238 1678 3306 conjunctionis
1710 3241 1808 3306 veri
1845 3256 1952 3300 cum
1993 3240 2113 3301 bono
2154 3242 2200 3303 in
2224 3242 2486 3305 Rationali3

2353 3307 2490 3365 duxit
2584 3304 2593 3307 ’
2614 3331 2619 3338 ’
