2904 3750
487 193 619 255 412
999 167 1977 235 GENESIS.

488 311 594 365 haec
614 311 765 364 etiam
785 309 926 363 causa
951 308 1062 372 fuit,
1102 311 1241 381 quod
1266 311 1520 364 Dominus
1546 308 1767 362 fimiliter
1794 309 2031 381 loquutus
2052 335 2068 374 3
2107 310 2142 362 fi
2169 311 2305 364 enim
2332 312 2487 377 aliter,

489 406 592 440 non
624 388 942 457 adaequatum
977 384 1139 437 fuiffet
1178 385 1345 458 captui
1382 385 1654 456 legentium
1682 385 1928 457 imprimis
1954 396 2075 437 tunc
2099 388 2354 457 temporiS,
2395 405 2486 440 nee

488 461 637 514 fimul
675 460 946 513 intellectui
989 459 1299 531 angelorum,
1340 462 1406 512 ita
1444 479 1546 513 non
1584 471 1844 532 receptum
1881 460 1945 511 ab
1986 459 2212 523 homine,
2267 479 2359 513 nec
2405 463 2483 515 in-

488 536 747 588 tellectum
780 535 843 588 ab
869 535 1093 606 Angelis
1171 535 1271 604 Qi
1287 535 1440 606 fitper
1479 536 1598 587 ΐεὲἳο
1639 533 1810 598 domus,
1850 554 1905 586 ne
1939 533 2180 605 descendat
2219 534 2289 587 ad
2324 535 2488 589 tollen-

488 610 599 664 dum
623 609 744 682 quid
762 629 786 662 e
811 608 935 662 domo
942 612 1060 679 sua,
1099 609 1338 679 fignificat
1364 610 1503 680 quod
1543 610 1631 680 qui
1666 610 1719 661 in
1757 610 1892 662 bono
1932 608 2180 661 charitatis
2219 610 2346 673 sunt,
2386 629 2490 663 non

489 686 605 738 inde
644 685 700 737 se‘
730 684 1010 737 conferrent
1044 684 1106 735 ad
1132 683 1215 734 illa
1241 703 1352 755 quae
1377 685 1489 735 sunt
1511 684 1863 736 doctrinalium
1901 684 2047 747 fidei,
2087 687 2277 737 tectum
2305 686 2493 738 domus-

487 760 540 812 in
564 754 1008 830 Verbo‘fignificat
1047 758 1231 809 statum
1272 757 1493 810 hominis
1532 758 1852 829 superiorem,
1893 760 1959 811 ita
1984 758 2167 811 statum
2193 760 2296 830 ejus
2322 759 2489 831 quoad

478 835 714 897 bonum3
754 852 866 903 quae
900 844 1070 884 autem
1106 831 1248 895 infra,
1288 832 1563 904 significant
1598 832 1781 884 statum
1821 833 2040 885 hominis
2081 833 2383 897 inferiorem,
2424 836 2491 886 ita

486 908 670 961 statum
710 907 876 979 quoad
914 923 1125 958 verum:
1184 908 1305 978 quid
1347 907 1547 970 domm,
1602 907 1824 959 videatur
1867 927 1932 959 n:
1959 924 2086 978 710.
2124 909 2278 978 1708.
2323 926 2485 979 2233.

490 999 651 1052 2234.
682 997 842 1053 3142.
867 999 892 1053 3
905 981 1009 1050 538
1036 1000 1048 1032 :
1087 999 1209 1033 cum
1243 982 1368 1034 statu
1410 981 1630 1034 hominis
1656 982 1887 1035 Ecclefiae
1911 982 1957 1034 se
1983 984 2051 1034 ita
2075 981 2225 1035 habet
2245 1010 2261 1047 ;
2300 1002 2420 1036 cum
2448 985 2495 1036 is

485 1067 812 1128 regeneratur,
851 1066 972 1107 tunc
1017 1072 1194 1107 verum
1235 1057 1374 1107 discit
1419 1068 1618 1128 propter
1663 1057 1875 1119 bonum,
1915 1056 1987 1107 est
2019 1059 2157 1110 enim
2199 1059 2243 1109 ei
2288 1057 2491 1110 affectio

486 1132 590 1183 veri
631 1140 831 1202 propter
875 1128 1033 1192 illud,
1073 1142 1122 1181 at
1146 1129 1414 1201 postquam
1454 1141 1764 1200 regeneratus
1804 1131 1892 1193 est,
1931 1142 2053 1182 tunc
2079 1132 2178 1201 agit
2205 1151 2267 1183 ex
2293 1150 2409 1184 vero
2435 1133 2488 1184 &

483 1205 653 1268 bon03
691 1202 958 1276 postquam
998 1203 1060 1255 ad
1100 1203 1239 1256 hunc
1263 1205 1448 1256 statum
1474 1206 1713 1276 pervenit,
1750 1216 1871 1256 tunc
1898 1223 2000 1256 non
2023 1204 2246 1258 conferre
2271 1207 2318 1257 se
2343 1206 2493 1258 debet

485 1280 549 1332 ad
575 1279 757 1332 statum
782 1278 1016 1350 priorem,
1057 1296 1175 1330 nam
1201 1278 1235 1330 fi
1262 1279 1313 1330 id
1341 1278 1539 1342 faceret,
1580 1280 1642 1331 de
1668 1280 1805 1331 bono
1829 1280 1882 1331 in
1918 1276 2021 1351 qu’o
2047 1279 2133 1343 est,
2174 1298 2238 1332 ex
2263 1298 2381 1333 vero
2406 1276 2486 1332 ra-

484 1353 816 1416 tiocinaretur,
855 1354 907 1406 δε
932 1352 998 1405 fic
1023 1351 1207 1405 statum
1248 1353 1395 1406 suum
1422 1365 1718 1425 perverteret
1738 1380 1752 1418 ;
1792 1355 1957 1406 omnis
2001 1355 2139 1407 enim
2184 1355 2495 1409 ratiocinatio

400 1442 409 1445 “
484 1428 645 1491 cessat,
688 1446 745 1480 ac
786 1427 963 1480 cefl‘are
1002 1428 1166 1490 debet,
1206 1429 1408 1500 quando
1450 1427 1610 1480 homo
1636 1430 1687 1481 in
1713 1430 1840 1481 statu
1865 1429 1936 1481 est
1961 1430 2087 1481 velle
2112 1448 2289 1482 verum
2315 1431 2366 1483 δε
2393 1431 2488 1482 bo-
2514 1440 2522 1450 '

483 1521 629 1566 num,
667 1514 788 1555 tunc
813 1503 951 1554 enim
976 1521 1040 1555 ex
1066 1502 1334 1567 voluntate,
1376 1504 1582 1575 proinde
1621 1523 1684 1556 ex
1727 1504 2040 1568 conscientia,
2079 1505 2262 1575 cogitat
2291 1507 2343 1558 δε
2370 1506 2486 1576 agit,

484 1578 538 1629 ὅτ,
562 1595 663 1629 non
687 1595 750 1629 ex
771 1577 1041 1639 intellee‘m,
1070 1589 1126 1629 ut
1151 1579 1303 1649 priuS,
1343 1578 1379 1629 fi
1404 1596 1467 1630 ex
1492 1577 1592 1631 hoc
1619 1579 1817 1641 iterum,
1858 1579 2094 1631 incideret
2119 1580 2171 1632 in
2197 1580 2493 1632 tentationes-

484 1651 538 1703 in
581 1651 763 1722 quibus
802 1651 1179 1714 succumberet3
1217 1651 1325 1703 haec
1363 1652 1493 1714 sunt,
1552 1670 1663 1722 quae
1709 1653 2044 1722 fignificantur
2084 1672 2170 1724 per
2216 1655 2354 1724 quod
2398 1655 2487 1724 qui

484 1724 628 1797 super
674 1727 806 1776 tecto
856 1724 1039 1776 domus
1062 1725 1150 1776 'ne
1195 1725 1456 1776 descendat
1505 1725 1564 1776 ad
1615 1725 1895 1777 tollendum
1940 1726 2061 1796 quid
2104 1745 2131 1777 e
2177 1727 2333 1779 domo
2382 1728 2482 1780 sua.

484 1799 559 1852 Et
582 1798 666 1870 qui
685 1798 737 1850 in
762 1815 898 1868 agr0,
937 1817 994 1849 ne
1031 1809 1316 1856 revertatur
1355 1809 1486 1850 retro
1527 1797 1598 1850 ad
1635 1797 1960 1869 accipiendum
2004 1799 2170 1870 vssem
2196 1800 2360 1871 suam,
2399 1802 2483 1854 seu

484 1874 726 1936 tunicam,
766 1871 1006 1943 fignificat
1049 1873 1188 1944 quod
1226 1872 1315 1944 qui
1359 1872 1413 1925 in
1452 1873 1589 1924 bono
1633 1874 1735 1924 veri
1779 1892 1871 1925 nec
1912 1873 2192 1925 conferrent
2225 1875 2271 1925 se
2297 1893 2325 1926 a
2349 1876 2487 1926 bono

483 1949 587 2019 ejus
622 1947 686 1999 ad
724 1946 992 1999 doctrinale
1017 1947 1151 2010 veri3
1190 1965 1303 2019 ager
1344 1947 1397 1998 in
1420 1947 1593 1998 Verbo
1617 1946 1856 2017 fignificat
1880 1946 2028 1999 illurn
2055 1948 2240 2000 statum
2266 1947 2491 2001 hominis
2529 2011 2532 2012 7

464 2021 649 2097 'quoad
678 2021 888 2085 bonum,
928 2021 1050 2092 quid
1076 2038 1205 2092 ager,
1246 2021 1468 2073 videatur
1492 2039 1561 2072 n:
1592 2021 1716 2090 368.
1748 2037 1909 2092 2971.
1942 2024 2103 2092 3196.
2134 2040 2293 2092 3310.
2320 2040 2484 2095 3317.

487 2114 649 2168 3500.
675 2113 701 2165 3
713 2095 856 2165 5083
896 2096 949 2147 δε
972 2094 1114 2147 vestis
1153 2096 1237 2147 seu
1276 2095 1444 2147 tunica
1486 2094 1726 2166 fignificat
1765 2096 1818 2147 id
1857 2097 1997 2167 quod
2041 2097 2236 2149 bonum
2270 2097 2488 2162 investit,

483 2172 583 2223 hoc
622 2170 709 2232 est,
748 2169 1018 2222 doctrinale
1041 2170 1160 2232 veri,
1200 2187 1320 2222 nam
1345 2167 1445 2221 hoc
1470 2169 1542 2221 est
1576 2169 1700 2222 ficut
1723 2170 1867 2222 vestis
1893 2171 2044 2234 bon0,
2084 2172 2222 2242 quod
2248 2172 2391 2224 vestis
2430 2173 2484 2224 id

483 2246 557 2307 fit,
596 2244 816 2296 videatur
851 2262 914 2295 n:
945 2260 1066 2315 297.
1098 2259 1253 2314 1073.
1275 2244 1437 2314 2576.
1457 2260 1618 2314 3301.
1676 2244 1902 2316 Qsque
1926 2246 2095 2298 videre
2128 2246 2304 2317 potest,
2344 2246 2480 2317 quod

461 2316 654 2372 ‘altiora
692 2317 778 2370 hic
810 2317 1063 2370 recondita
1103 2317 1300 2382 lateant,
1340 2335 1497 2390 quam
1522 2331 1759 2393 apparent
1781 2318 1835 2371 in
1859 2319 2033 2384 litera,
2072 2319 2180 2394 Ipse
2205 2321 2343 2373 enim
2368 2322 2485 2374 Do-

482 2395 650 2446 minus
676 2392 758 2444 illa
784 2392 1019 2463 loquutus
1050 2391 1137 2445 est.

561 2467 721 2536 3653.
760 2467 842 2518 Ex
877 2464 955 2518 his
998 2484 1134 2518 nunc
1181 2466 1402 2520 constare
1446 2467 1622 2540 potest,
1681 2469 1821 2540 quod
1860 2464 2009 2522 status
2059 2468 2338 2523 vastationis
2377 2471 2481 2523 Ec-

482 2541 635 2594 clefiae
663 2541 830 2611 quoad
854 2540 985 2592 bona
1009 2541 1190 2592 amoris
1214 2542 1268 2593 δε
1291 2561 1407 2594 vera
1426 2542 1543 2594 fidei
1567 2543 1621 2595 in
1645 2542 1723 2596 his
1749 2543 1983 2597 Verfibus
2027 2543 2173 2615 plene
2212 2545 2481 2616 descriptus

462 2616 557 2681 fit,
580 2616 650 2666 ·&
690 2614 827 2684 quod
865 2613 1013 2665 fimul
1054 2613 1267 2666 hortatio
1305 2616 1369 2667 ad
1408 2615 1518 2668 illos
1556 2617 1646 2687 qui
1683 2618 1738 2669 in
1773 2617 1869 2669 ill-is
1902 2618 2029 2680 sunt,
2069 2619 2191 2687 quid
2235 2630 2356 2669 tunc
2400 2617 2479 2669 fa*-

483 2690 615 2741 cient
636 2707 665 2739 :—
688 2688 799 2738 sunt
835 2687 1037 2757 triplicis
1071 2688 1262 2758 generis
1302 2688 1534 2741 homines
1575 2691 1702 2741 intra
1735 2690 2028 2753 Ecclefiam,
2067 2708 2252 2763 nempe
2293 2691 2381 2761 qui
2425 2691 2479 2742 in

483 2779 654 2814 amore
697 2761 749 2811 in
784 2761 1071 2814 Dominum
1115 2761 1258 2824 sunt;
1296 2762 1385 2832 qui
1418 2763 1471 2813 in
1496 2761 1747 2815 Charitate
1772 2781 1886 2833 erga
1911 2764 2242 2835 proximum;
2288 2765 2341 2815 δε
2388 2764 2477 2835 qui

482 2836 536 2887 in
561 2833 823 2888 affeffione
846 2835 982 2896 veri;
1021 2834 1109 2904 qui
1147 2834 1198 2885 in
1224 2836 1393 2902 Prima
1418 2835 1577 2887 Claffe
1600 2836 1727 2899 sunt,
1766 2855 1953 2907 nempe
1994 2837 2082 2907 qui
2126 2839 2180 2888 in
2219 2856 2389 2889 amore
2422 2839 2476 2890 in

466 2903 790 2970 ''Dominum,
827 2907 879 2958 in
903 2907 1059 2978 specie
1084 2907 1418 2976 fignificantur
1457 2927 1544 2980 per
1580 2910 1719 2979 quod
1761 2910 1845 2980 qui
1883 2910 1935 2960 in
1965 2909 2165 2981 Judaea,
2186 2910 2394 2981 fugient
2419 2911 2476 2962 in

483 2994 654 3035 montes
674 3002 691 3032 .-
730 2982 782 3032 in
807 2981 979 3032 Altera
1004 2980 1160 3032 Clafl'e
1199 2981 1310 3032 sunt
1337 2981 1405 3032 illii
1431 2983 1518 3052 qui
1544 2983 1596 3034 in
1633 2982 1868 3035 charitate
1911 3001 2026 3054 erga
2065 2986 2375 3056 proximum,
2416 2987 2495 3050 ὅσ

470 3051 536 3109 'in
575 3057 733 3129 specie
776 3054 1109 3127 fignificantur
1149 3071 1237 3128 per
1280 3055 1362 3127 qui
1388 3056 1541 3127 sttper
1577 3059 1698 3110 testo
1739 3056 1909 3122 domus,
1946 3077 2003 3111 ne
2026 3055 2267 3131 descendat
2292 3059 2362 3112 ad
2381 3059 2475 3110 tola-

640 3136 641 3139 ’
681 3147 695 3151 “
1604 3129 1611 3139 ’
2289 3132 2477 3187 lendum
