2872 3730
654 159 996 234 CAPUT
1044 108 1611 234 VIGESIMUM
1663 155 2206 244 QUARTUM.
2251 227 2254 230 ,
2318 160 2443 222 181

439 295 529 344 hoc
552 294 632 353 est,
666 295 1030 361 purificationem
1051 292 1108 340 ab
1129 292 1215 340 illis
1238 292 1460 349 sordibus,
1494 306 1601 356 quae
1625 290 1744 337 intus
1765 290 1995 338 adhaerent
2017 292 2215 341 homini:
2252 292 2338 357 qui,
2356 292 2436 337 ita·

438 378 528 426 que
551 363 668 410 inter
691 363 790 409 illos
813 362 1038 409 noverunt
1068 359 1188 414 haec,
1224 359 1272 404 ὅτ
1295 361 1555 421 cogitarunt
1575 357 1634 404 de
1655 357 1967 420 purificatione
1990 361 2154 415 cordis,
2190 362 2261 406 seu
2286 373 2434 405 remo-

437 430 561 477 tione
600 429 828 476 malorum
864 426 1030 474 amoris
1069 422 1134 470 sui
1159 425 1208 470 &
1231 426 1394 473 mundi
1426 441 1451 470 e
1484 422 1671 470 naturali
1710 422 1912 478 homine,
1947 422 1997 468 δε
2021 427 2149 471 omni
2171 425 2319 472 studio
2343 423 2429 470 hoc

436 495 713 542 conabantur
745 491 902 547 facere,
938 490 1003 537 illi
1026 489 1129 564 oble
1188 502 1238 536 nt
1258 489 1660 536 ritumlavationis
1683 500 1735 535 ut
1757 488 1935 536 cultum
1956 501 2194 536 externum
2223 507 2279 538 ex
2302 506 2427 536 man-

435 561 546 612 dato
564 582 580 615 ;
615 571 666 615 at·
693 560 775 622 qui
807 572 910 604 non.
939 505 1184 603 ῐιονεὲιυηῖ1
1196 556 1301 613 hoc,
1337 571 1419 602 nec
1443 555 1687 602 voluerunt
1724 554 1859 610 noffe,
1895 553 1968 601 sed
1993 556 2265 618 cogitarunt,
2301 556 2429 618 quod

434 626 554 673 solus
577 625 688 671 ritus
709 623 891 670 lavandi
912 622 1071 679 vestes,
1108 635 1282 677 cutem,
1317 637 1495 679 manuS,
1532 621 1684 685 pedm,
1719 620 1977 684 purificaret
1999 637 2091 676 eos,
2126 622 2175 668 δε
2203 622 2343 673 modo
2364 635 2429 668 ta-

433 693 495 740 lia
516 688 719 745 fecerint,
754 689 1006 739 licereteis
1042 690 1087 736 in
1127 690 1329 746 avaritia,
1364 690 1412 735 in
1448 688 1582 744 odiis,
1617 688 1846 743 vindictis,
1881 686 2266 743 immisericordia,
2302 687 2429 733 saevi-

408 757 524 812 tiis,
559 771 667 819 quae
690 753 792 802 sunt
816 755 963 802 sordes
987 754 1248 819 spirituales,
1282 756 1454 811 vivere,
1492 754 1557 801 illi
1589 754 1729 800 ritum
1762 753 1884 800 hunc
1920 752 2158 800 coluerunt
2197 766 2249 800 ut
2289 753 2427 800 idola-

435 823 637 876 tricurn3
673 833 717 869 at
736 820 874 885 usque
897 822 1130 885 perillum
1166 820 1476 886 repraesentare
1512 832 1775 883 potuerunt,
1812 819 1862 866 &
1888 835 1970 882 per
1994 818 2428 883 repraesentationem

430 887 615 951 aliquid,
626 887 840 937 Ecclefiae
864 887 1024 945 sistere,
1061 904 1142 952 per
1170 887 1306 950 quod*
1333 884 1595 949 conjunctio
1635 885 1783 949 aliqua
1818 886 1922 933 effet
1957 886 2064 932 coeli
2095 902 2203 932 cum
2228 885 2429 942 homine,

430 966 669 1017 antequam
708 954 835 1001 veni-t
867 955 1114 1010 Dominus,
1151 953 1227 1000 sed
1266 953 1362 1000 talis
1394 950 1671 1015 conjunffiO,
1707 965 1759 999 ut
1789 951 2024 999 hominem
2060 951 2193 1016 ipsius
2215 952 2430 999 Ecclesia:

430 1033 594 1086 parum
616 1019 692 1068 vel
711 1019 822 1067 nihil
842 1020 1036 1067 afficeret
1055 1042 1070 1077 3
1105 1018 1263 1081 Judaei
1286 1021 1334 1066 &
1353 1018 1558 1066 Israelitae
1583 1017 1690 1065 tales
1713 1031 1851 1074 erant,
1889 1031 1941 1065 ut
1963 1018 2073 1065 nihil
2097 1017 2278 1081 prorsus
2301 1020 2430 1082 cogi-

406 1101 411 1105 ·
432 1099 578 1135 tarent
600 1087 658 1134 de
680 1087 865 1134 Interno
888 1083 1089 1142 humine,
1125 1103 1207 1133 nec
1230 1085 1399 1148 aliquid
1424 1085 1481 1133 de
1506 1084 1584 1132 illo
1606 1083 1712 1131 scire
1735 1085 1919 1140 vellent,
1954 1086 2015 1131 ita
2035 1084 2147 1131 nihil
2169 1084 2348 1148 prorsus
2372 1086 2429 1132 de
2458 1112 2462 1117 >

432 1152 692 1200 coelestibus
713 1153 764 1200 &
788 1152 1107 1215 spiritualibus,
1142 1168 1250 1216 quae
1279 1151 1379 1198 sunt
1402 1153 1513 1198 vitae
1543 1149 1645 1214 post
1682 1162 1896 1206 mortem,
1932 1150 2004 1197 sed
2031 1149 2170 1214 usque
2190 1167 2246 1198 ne
2267 1153 2430 1215 periret

431 1220 584 1267 omnis
622 1219 982 1269 communicatio
1019 1234 1128 1265 cum
1168 1217 1307 1274 coelo,
1344 1218 1394 1264 &
1428 1217 1489 1264 fic
1527 1232 1637 1264 cum
1669 1216 1894 1272 Domino,
1946 1215 2337 1280 obstringebantur
2374 1218 2431 1265 ad

435 1287 549 1332 ritus
572 1295 796 1340 externos,
832 1299 912 1347 per
950 1299 1068 1347 quos
1106 1282 1472 1346 significabantur
1510 1283 1715 1337 interna3
1753 1298 1916 1330 omnes
1940 1283 2123 1330 illorum
2147 1285 2431 1347 captivitates

434 1352 486 1399 &
508 1350 661 1415 plagae
683 1361 810 1398 erant
830 1352 876 1396 in
897 1365 1060 1414 genere
1082 1350 1150 1400 ob.
1165 1349 1298 1397 illum
1319 1349 1476 1406 finem,
1511 1361 1564 1395 ut
1585 1349 1785 1396 Externa
1807 1350 1889 1396 rite
1912 1348 2248 1397 observarentur
2264 1366 2430 1414 repra:-

367 1417 369 1419 ’
436 1418 690 1468 sentationis
729 1415 884 1464 causa:
920 1417 1032 1464 inde?
1063 1433 1187 1465 nunc
1225 1428 1333 1473 erat,
1368 1415 1498 1479 quod
1520 1415 1673 1463 Moses
1700 1415 1959 1463 Aharonem
1998 1416 2048 1463 ὅτ
2087 1416 2205 1464 filios
2241 1414 2337 1480 ejus
2375 1417 2437 1464 ad

435 1483 578 1543 ostium
609 1483 784 1530 tentorii
820 1483 995 1530 lavaret
1022 1485 1160 1548 aquis,
1194 1494 1248 1530 ut
1278 1481 1704 1538 sanctificarentur?
1739 1482 1878 1529 Exod
1898 1500 1909 1529 ι
1933 1498 2080 1530 xxix:
2105 1501 2150 1541 4.
2188 1483 2318 1546 Cap:
2344 1499 2430 1531 x1.:

443 1566 516 1598 12.
551 1549 723 1595 Levit:
746 1563 877 1595 v111:
905 1551 934 1594 6
956 1566 968 1595 ε
1021 1549 1169 1612 Qod
1192 1548 1380 1595 Aharon
1411 1548 1462 1594 ὅτ
1492 1547 1574 1593 filii
1594 1546 1691 1610 ejus
1713 1546 1915 1594 lavarent
1935 1564 2082 1595 manus
2104 1548 2160 1596 &
2178 1550 2318 1610 pedes,
2352 1566 2432 1595 an-

436 1615 619 1678 tequam
660 1614 875 1660 intrarent
913 1614 959 1659 in
999 1614 1246 1660 tentorium
1285 1624 1557 1669 conventuS,
1591 1613 1642 1660 &
1665 1612 1924 1660 accederent
1954 1613 2010 1660 ad
2042 1613 2177 1663 altare
2205 1615 2264 1660 ad
2295 1615 2431 1662 mini-

436 1680 688 1735 strandum,
724 1691 777 1725 ut
808 1694 900 1726 non
941 1691 1239 1735 morerentur,
1287 1678 1336 1726 δι
1374 1678 1505 1742 quod
1550 1677 1638 1726 hoc
1683 1678 1786 1725 effet
1831 1677 1917 1725 illis
1962 1678 2182 1727 statutum
2229 1679 2431 1738 saeculi,’'

435 1746 603 1795 Exod:
628 1759 760 1793 xxx:
792 1749 863 1794 18.
896 1763 968 1808 ¹9·
995 1762 1072 1795 20.
1100 1762 1176 1794 21.
1212 1745 1344 1810 Cap:
1370 1760 1466 1793 xL:
1495 1761 1572 1809 30.
1599 1761 1676 1808 31.
1720 1749 1757 1771 ‘⁸
1780 1744 1928 1807 Qod
1950 1745 2156 1803 Aharon,
2192 1760 2434 1810 antequam

437 1813 642 1860 indueret
662 1811 806 1859 vestes
831 1810 1080 1869 ministerii,
1115 1812 1288 1859 lavaret
1311 1827 1478 1860 carnem
1495 1812 1671 1876 suam,”
1693 1810 1863 1859 Levit:
1891 1826 1977 1859 xv1
1997 1830 2008 1860 ε
2032 1829 2093 1873 4:
2122 1830 2195 1874 24.
2237 1818 2271 1840 “
2290 1814 2437 1876 Quod

436 1880 618 1926 Levitae
661 1877 1021 1940 purificarentur,
1069 1894 1150 1942 per
1183 1877 1313 1941 quod
1351 1875 1688 1942 aspergerentur
1727 1893 1844 1942 aqua
1881 1880 2167 1942 expiationis,
2218 1881 2436 1944 quodque

437 1943 619 1992 transire
653 1942 848 1992 facerent
880 1943 1149 1998 novaculam
1173 1944 1304 2008 super
1326 1960 1505 1992 carnem
1530 1944 1673 2002 suam,
1709 1945 1760 1992 δι
1781 1945 1983 1992 lavarent
2002 1946 2131 2006 vestes
2142 1947 2265 2010 suas,
2301 1947 2350 1994 δι
2376 1947 2434 1994 fic

438 2011 542 2075 puri
564 2010 750 2067 effent,'’
783 2010 944 2057 Num:
970 2025 1105 2058 vm:
1133 2011 1176 2058 6.
1204 2026 1246 2075 7.
1301 2016 1335 2038 “
1366 2012 1466 2073 Qui
1505 2011 1765 2059 comederet
1811 2011 1999 2059 cadaver
2038 2012 2189 2061 bestiae
2230 2014 2437 2071 mundae,

438 2090 517 2125 aut
539 2075 835 2140 discerptum,
869 2076 997 2140 quod
1015 2076 1199 2128 lavaret
1231 2075 1359 2137 vestes
1381 2080 1500 2142 suas,
1535 2078 1586 2126 δε
1608 2078 1796 2126 ablueret
1814 2079 1865 2141 Je
1886 2081 2037 2143 aquis:
2073 2080 2123 2126 δε
2145 2079 2176 2126 fi
2201 2097 2293 2127 non
2316 2080 2438 2127 lave·
2513 2131 2515 2133 ,

438 2154 505 2201 ret
522 2145 589 2207 se,
624 2143 675 2191 δι’
699 2158 864 2199 carnem
886 2144 1014 2206 suam
1041 2143 1242 2200 abluerit,
1277 2155 1475 2206 portaret
1497 2145 1782 2207 iniquitatem
1803 2144 1976 2202 suam,”
1997 2145 2141 2193 Levit
2161 2165 2171 2194 ε
2195 2162 2304 2194 xvn
2326 2165 2336 2194 ε
2363 2165 2434 2209 15.

446 2210 519 2259 16.
557 2215 591 2237 “
616 2210 717 2271 Qui
740 2211 940 2273 tetigerit
962 2209 1109 2257 cubile
1132 2210 1261 2258 fluxu
1283 2209 1447 2266 affecti,
1482 2222 1561 2258 aut
1591 2211 1673 2274 qui
1705 2208 1864 2260 sederit
1887 2210 2018 2277 super
2038 2211 2155 2269 vase,
2191 2213 2320 2276 super
2342 2230 2439 2276 quo

423 2275 518 2329 ,ille
538 2274 721 2331 sederat,
755 2278 930 2338 quique
963 2277 1162 2339 tetigerit
1198 2292 1378 2323 carnem
1414 2273 1526 2339 ejus,
1561 2277 1735 2324 lavaret
1757 2277 1902 2336 vestes,
1939 2279 1988 2324 δε
2012 2278 2197 2325 abluerit
2216 2282 2267 2341 se
2297 2283 2435 2342 aquis,

413 2339 415 2341 ’
444 2344 495 2389 δὲ
518 2341 787 2388 immundus
813 2341 916 2388 effet
938 2341 994 2387 ad
1018 2341 1299 2404 vesperam?
1318 2342 1490 2389 Levit:
1515 2357 1610 2389 xv:
1634 2359 1677 2404 5.
1703 2343 1747 2389 6.
1777 2359 1818 2406 7.
1846 2359 1917 2391 10.
1944 2361 2013 2391 11.
2039 2360 2113 2399 12,
2138 2344 2241 2406 seq:
2280 2349 2314 2371 “
2340 2346 2439 2405 Qui

440 2406 587 2455 emifit
609 2406 790 2453 hircum
812 2408 860 2454 in
883 2405 1024 2463 asasel,
1060 2407 1232 2454 lavaret
1263 2422 1428 2454 carnem
1440 2408 1619 2469 suam,”
1641 2407 1809 2454 Levit:
1835 2423 1950 2455 xv1:
1978 2409 2055 2464 26.
2094 2413 2127 2435 “
2152 2410 2276 2457 Cum
2302 2426 2436 2457 mun-

441 2474 578 2521 datus
593 2472 699 2520 efl'et
721 2471 937 2535 leprosus,
971 2473 1100 2535 quod
1122 2473 1296 2520 lavaret
1318 2473 1463 2532 vestes,
1499 2472 1670 2520 raderet
1708 2488 1895 2520 omnem
1932 2475 2079 2537 pilum
2112 2473 2262 2532 suum,
2297 2477 2346 2523 &
2370 2476 2438 2524 la-

440 2548 571 2595 varet
594 2539 646 2601 se
667 2541 805 2603 aquis,
840 2554 892 2585 ac
931 2538 1132 2585 mundus
1169 2539 1323 2595 effet,’'
1356 2539 1525 2586 Levit:
1551 2554 1662 2587 xiv:
1693 2545 1734 2588 8.
1762 2558 1825 2604 93
1862 2543 1896 2586 .“
1921 2541 2017 2587 imo
2054 2542 2180 2604 quod
2214 2541 2305 2605 ipsa
2339 2543 2439 2591 vasa

411 2648 413 2652 .
440 2619 546 2669 quae
565 2604 808 2652 immunda
828 2602 944 2665 facta
966 2620 1047 2668 per
1068 2603 1327 2652 contaetum
1351 2605 1721 2662 immundorum,
1755 2605 2086 2667 trarfigerentur
2099 2619 2183 2669 per
2202 2625 2352 2673 aquas,
2388 2611 2438 2656 δε

441 2671 686 2725 immunda
715 2671 851 2718 effent
872 2670 929 2717 ad
952 2669 1236 2734 vesperam,''
1259 2670 1427 2719 Levit:
1454 2686 1534 2718 x1:
1562 2688 1638 2735 32.
1697 2671 1775 2718 Ex
1803 2671 1872 2719 his
1895 2671 2094 2720 constare
2115 2675 2276 2737 potest,
2312 2676 2441 2738 quod

441 2737 594 2794 nullus
624 2753 706 2801 per
736 2739 878 2784 ritum
910 2736 1142 2787 lavationis
1166 2737 1320 2801 quoad
1343 2739 1514 2785 interna
1536 2737 1737 2785 mundus
1759 2737 1835 2785 seu
1857 2754 1998 2801 purus
2022 2739 2163 2796 fieret,
2199 2740 2271 2787 sed
2297 2742 2442 2789 modo

442 2819 612 2869 purum
649 2803 724 2851 seu
763 2803 1046 2868 spiritualiter
1087 2804 1316 2852 mundum
1355 2802 1704 2868 repraesentaret,
1739 2804 1801 2852 ob
1823 2803 2016 2863 causam,
2051 2806 2109 2867 de
2143 2823 2250 2871 qua,
2271 2808 2436 2871 supra;

420 2871 574 2935 ⁴quod
596 2871 660 2918 ita
680 2870 752 2928 fit,
795 2871 1027 2929 Dominus
1063 2868 1294 2919 manifeste
1331 2870 1468 2919 docet
1506 2871 1629 2936 apud
1669 2870 1857 2919 Matth:
1885 2886 1983 2921 xv:
2019 2890 2057 2921 1.
2084 2890 2128 2922 2.
2156 2890 2233 2923 20.
2271 2875 2437 2924 Marc:

442 2952 521 2985 vn
542 2955 570 2998 :⁴
586 2955 606 2986 1
633 2937 689 2985 ad
715 2954 792 3002 23.

459 3035 467 3062 ;
512 3002 756 3067 3148sEt
775 3002 912 3067 pedes
929 3003 1136 3052 virorum
1158 3004 1239 3068 qui
1261 3020 1374 3053 cum.-
1394 3003 1491 3062 illo,
1526 3005 1654 3068 quod
1689 3006 1910 3070 significet
1939 3007 2303 3070 purificationem
2338 3023 2439 3055 om-

445 3067 575 3115 ni‘um
594 3084 702 3132 quae
723 3069 842 3118 illius
865 3071 912 3117 in
936 3070 1122 3118 naturali
1143 3070 1345 3128 homine,
1381 3070 1554 3120 constat
1575 3088 1602 3119 a
1622 3072 1959 3136 significatione>
1981 3074 2171 3136 pedum,
2207 3074 2332 3136 quod
2356 3074 2442 3121 fint

446 3131 521 3182 ina
547 3147 653 3197 qua:
682 3135 786 3185 sunt
817 3135 1028 3187 naturalis
1061 3137 1276 3198 hominis,
1312 3138 1370 3187 de
1403 3153 1494 3203 qua
1516 3155 1577 3188 n:
1606 3140 1730 3193 2162
1755 3162 1771 3198 3
1808 3141 1859 3190 &
1890 3156 1916 3189 a
1954 3139 2280 3203 fignificatione
2320 3141 2445 3186 viro-

2323 3220 2447 3264 rum,
