2904 3750
437 192 638 282 ‚438
1017 182 2035 273 GENES'ISs⁴

493 328 663 391 faciam
688 341 750 373 eos
774 322 1071 382 confidenter,’'
1111 339 1152 370 11
1175 342 1186 371 ε
1213 327 1290 380 18,
1325 323 1490 387 pariter
1521 323 1684 373 cubare
1719 340 1804 389 pro
1827 323 1942 373 statu
1966 324 2297 390 tranquillitatis
2321 332 2508 382 remotis

506 392 620 442 falsis
655 394 703 441 &
744 391 889 448 malis,
929 406 1036 454 quae
1076 390 1302 443 inducunt
1341 391 1596 457 irrequiem.
1670 391 1816 455 Apud
1840 392 2089 451 Davidem,
2137 399 2173 422 “
2276 412 2305 444 o
2339 393 2510 447 Cubabo

507 461 561 509 &2³
583 459 805 517 dormiam,
843 459 890 506 &
913 456 1210 521 expergiscar,
1248 459 1356 522 quia
1378 458 1583 521 Jehovah
1617 457 1828 509 sustentat
1851 476 1956 507 me:
2004 475 2098 508 non
2132 462 2272 510 timev
2344 479 2370 511 a
2404 481 2509 529 my-

505 526 702 578 riadibus
728 525 903 590 populi,
945 526 1025 587 qui
1057 525 1352 573 circumcirca
1385 539 1564 589 ponunt
1599 525 1642 574 se
1675 540 1833 575 contra
1856 527 1981 584 me,”
2016 527 2166 576 Psalm
2192 548 2204 578 ε
2236 546 2336 579 111:
2365 531 2410 580 6.
2438 547 2502 598 73

505 593 669 644 cubare
707 595 755 641 &
792 592 990 640 dormire
1025 607 1110 655 pro
1149 590 1265 638 statu
1302 593 1632 657 tranquillitatis
1673 596 1722 642 δε
1758 593 2011 642 securitatis.
2083 596 2230 661 Apud
2271 596 2507 658 Eundem,

509 667 543 690 “
568 663 620 711 In
642 672 751 724 pace
767 659 902 720 stmul
935 657 1090 706 cubabo
1125 658 1180 707 ὅ
1203 658 1425 716 dormiam,
1470 660 1576 724 quia
1611 661 1691 708 Tu
1722 660 1929 722 Jehovah
1966 661 2083 710 solus
2122 663 2404 712 confidenter
2437 682 2512 714 me

508 727 700 777 habitare
724 725 883 782 facis,'’
919 725 1065 774 Psalm
1087 743 1097 773 :
1121 742 1206 773 iv:
1229 744 1291 791 9:
1338 726 1387 774 &
1420 724 1798 792 apudngundem,
1839 733 1872 755 “
1895 729 1950 776 In
1976 732 2144 793 pascuis
2181 731 2319 778 herbae
2358 732 2514 781 cubare

494 796 637 860 faciet
659 811 736 849 me,
773 792 828 840 ad
867 809 999 857 aquas
1038 794 1221 856 quietum
1259 792 1394 840 ducet
1433 810 1506 840 me
1525 816 1541 849 ·,
1588 795 1789 841 animam
1830 811 1982 843 meam
2021 796 2286 854 recreabit,”
2322 798 2504 848 Psalm:

506 878 640 910 xx111
663 879 673 909 ι
701 877 742 909 2.
774 878 814 923 3.
844 859 920 908 Ex
943 858 1110 923 quibus
1136 871 1274 923 patet,
1315 860 1441 924 quod
1466 859 1600 908 status
1623 862 1745 925 pacis
1780 862 1830 909 ἃ
1861 863 2199 926 tranquillitatis
2222 880 2303 929 per
2327 866 2508 915 Cubare

506 927 809 982 describatur3
849 927 899 974 δε
921 925 1049 990 quod
1073 942 1154 990 per
1176 925 1336 974 cubare
1378 927 1425 974 in
1461 927 1564 975 loco
1600 927 1679 975 illo
1713 927 1989 992 significetur
2019 930 2318 996 tranquillitas
2351 932 2507 990 status,

507 996 633 1047 locus
657 994 779 1042 enirn
806 994 851 1040 in
873 991 994 1040 sensu
1019 993 1198 1041 interno
1231 992 1295 1042 est
1317 993 1471 1051 status,
1510 1011 1570 1043 n:
1593 995 1734 1061 3692.

577 1062 719 1126 3697.
745 1058 880 1107 Vers:
906 1077 977 1110 12.
997 1077 1068 1126 13.
1088 1077 1158 1120 ¹4·
1183 1078 1256 1124 15.
1297 1061 1363 1110 Et
1374 1062 1633 1124 somniavit,
1659 1062 1714 1111 ἑά
1732 1078 1819 1110 ecce
1826 1063 1950 1126 scala
1953 1062 2129 1123 statuta
2146 1074 2290 1122 terrae,
2310 1064 2365 1115 δέ
2381 1077 2512 1128 caput

505 1130 592 1195 ejus
615 1130 860 1191 pertingens
888 1126 1046 1183 coelum,
1078 1126 1134 1176 δέ
1156 1143 1242 1175 ecce
1265 1126 1419 1190 Angeli
1446 1130 1530 1176 Dei
1552 1124 1810 1192 ascendentes
1833 1129 1887 1178 &³
1910 1129 2188 1192 descendentes
2210 1131 2257 1177 in
2277 1131 2370 1179 illa.
2429 1134 2506 1181 'Et

502 1212 591 1245 ecce
611 1194 814 1259 Jehovah
834 1193 959 1253 stans
971 1195 1102 1259 super
1121 1193 1218 1251 illa,
1254 1194 1307 1243 &
1331 1194 1460 1251 dixit,
1496 1196 1591 1257 Ego
1613 1195 1819 1259 Jehovah
1843 1196 1965 1243 Deus
1988 1195 2231 1243 Abrahami
2257 1199 2404 1258 patris
2426 1201 2510 1256 tui,

506 1264 562 1314 ξεῖ
586 1264 703 1310 Deus
725 1260 941 1325 Jischaki,
977 1271 1154 1318 terram,
1235 1278 1291 1308 ua
1324 1270 1373 1308 tu
1410 1261 1566 1309 cubans
1588 1263 1720 1325 super
1754 1279 1820 1319 ea,
1859 1261 1971 1309 dabo
2004 1279 2113 1318 eam,
2154 1262 2210 1312 δέ
2233 1264 2388 1327 semini
2419 1275 2508 1313 tuo.

506 1332 570 1380 Et
593 1331 675 1376 erit
687 1331 825 1391 semen
849 1338 986 1384 tuum,
1005 1328 1123 1388 steut
1138 1340 1173 1391 'p
1220 1330 1291 1375 vis
1313 1337 1458 1385 terrae,
1499 1329 1554 1377 ἑά
1578 1341 1764 1393 erumpes
1790 1329 1850 1376 ad
1869 1345 2003 1386 mare,
2041 1328 2098 1378 &⁸
2130 1329 2191 1376 ad
2211 1332 2425 1389 orientem,
2450 1332 2506 1382 &³

507 1397 912 1460 adfi’ptentrionem‚
944 1395 1000 1445 &
1024 1395 1084 1442 ad
1114 1394 1323 1443 meridiem
1344 1417 1358 1451 3
1399 1396 1456 1445 ἐξ
1485 1395 1775 1451 benedicentur
1797 1398 1843 1444 in
1865 1405 1907 1443 te
1928 1411 2062 1444 omnes
2073 1394 2262 1458 familiae
2284 1397 2418 1455 humi,
2453 1397 2511 1448 ἔθ’

507 1465 552 1511 in
573 1464 731 1525 semine
753 1472 839 1510 tuo.
911 1463 974 1510 Et
1009 1478 1096 1510 ecce
1118 1463 1213 1528 Ego
1247 1478 1338 1510 cum
1363 1473 1424 1520 te,
1460 1464 1510 1515 ἐξ
1532 1462 1758 1524 custodiam
1789 1474 1859 1520 te,
1883 1464 1930 1510 in
1966 1465 2076 1511 omni
2113 1480 2191 1528 quo
2228 1481 2315 1521 eas,
2356 1465 2412 1514 Es?
2443 1481 2513 1512 re·

504 1530 654 1578 ducam
678 1540 719 1576 te
742 1528 801 1576 ad
819 1529 989 1576 humum
1011 1529 1144 1585 hanc,
1173 1531 1274 1596 quia
1296 1546 1376 1577 nen
1398 1530 1630 1595 relinquam
1654 1540 1716 1587 te,
1736 1531 1860 1578 donec
1882 1529 2163 1596 quodfeccro,
2185 1531 2296 1596 quod
2316 1532 2512 1596 loquutus

505 1597 600 1643 tibi.
671 1596 941 1652 Somniavit,
983 1595 1204 1659 fignificat
1235 1597 1615 1660 praevidentiam:
1663 1598 1712 1644 &
1735 1613 1838 1645 ecce
1862 1596 1975 1644 scala
1997 1596 2159 1645 statuta
2180 1609 2329 1655 terrae,
2346 1596 2348 1598 ’
2367 1599 2507 1662 figni-

507 1662 615 1711 ficat
652 1662 1118 1710 communicationem
1153 1661 1304 1708 infimi
1326 1664 1422 1710 veri
1454 1664 1502 1711 δε
1527 1662 1636 1709 boni
1677 1663 1811 1710 inde:
1855 1664 1903 1711 δε
1937 1675 2076 1727 caput
2111 1661 2206 1725 ejus
2245 1666 2510 1728 pertingens

509 1729 700 1785 coelum,
735 1727 957 1792 fignificat
996 1743 1105 1774 cum
1128 1727 1335 1774 Divino:
1384 1729 1433 1774 δε
1469 1743 1572 1774 ecce
1595 1727 1770 1790 Angeli
1810 1728 1898 1774 Dei
1927 1727 2210 1775 ascendentes
2247 1731 2297 1777 δε
2330 1730 2510 1777 descen-

507 1795 661 1842 dentes
697 1796 741 1841 in
766 1793 857 1850 illa,
891 1792 1112 1856 fignificat
1135 1792 1361 1840 infinitam
1385 1794 1434 1841 δε
1457 1806 1670 1840 aeternam
1696 1795 2162 1841 communicationem
2189 1796 2237 1842 ὅτ.
2262 1796 2366 1843 inde
2400 1812 2507 1846 con-

500 1859 816 1926 junctionem3
858 1860 907 1907 &
930 1859 1055 1923 quod
1080 1875 1138 1907 ex
1161 1858 1325 1907 infimo
1360 1859 1486 1923 quasi
1516 1858 1729 1917 ascensus,
1773 1861 1822 1908 δι
1856 1860 1980 1917 dein,
2017 1876 2127 1907 cum
2149 1860 2266 1912 ordo
2289 1862 2509 1920 inversus,

508 1926 736 1976 descensus
756 1945 770 1974 2
816 1925 879 1973 Et
901 1937 1004 1973 ecce.
1027 1925 1237 1987 Jehovah
1259 1925 1373 1974 stans
1396 1924 1527 1990 super
1551 1926 1641 1983 illa,
1665 1924 1888 1989 fignificat
1911 1922 2172 1973 Dominum
2198 1926 2246 1972 in
2269 1925 2509 1991 supremo:
2530 1986 2533 1989 q

508 1995 559 2045 &
581 1994 713 2051 dixit,
754 1992 862 2056 Ego
885 1992 1091 2053 Jehovah
1113 1994 1240 2040 Deus
1261 1992 1530 2042 Abrahami,
1548 1993 1687 2057 patris
1712 1993 1796 2048 tui,
1833 1991 2058 2056 fignificat
2080 1992 2344 2055 Dominum
2377 1994 2513 2059 quod
2535 1991 2537 1993 ’

505 2077 566 2109 ex
586 2059 689 2126 Ipso
723 2059 897 2107 bonum
918 2058 1061 2107 illud:
1105 2060 1153 2107 δε
1173 2060 1298 2106 Deus
1322 2057 1546 2120 Jischaki,
1572 2058 1794 2123 fignificat
1814 2059 2075 2107 Dominum
2098 2059 2255 2124 quoad
2278 2057 2506 2109 Divinum

508 2128 818 2177 Humanum:
859 2137 1044 2182 terram,
1078 2141 1168 2189 qua
1198 2136 1251 2172 tu
1273 2124 1441 2173 cubans
1476 2125 1605 2190 fisper
1637 2141 1707 2183 ea,
1744 2124 1827 2172 tibi
1861 2124 1980 2173 dabo
2012 2142 2130 2183 eam,
2170 2124 2393 2189 fignificat
2427 2124 2510 2176 bo-

509 2210 624 2243 num
657 2195 704 2242 in
739 2207 834 2256 quo
855 2191 974 2248 esset,
1015 2191 1142 2255 quod
1176 2207 1231 2239 ex·
1267 2193 1484 2257 proprio:
1526 2194 1577 2241 ὅτ
1599 2191 1755 2240 semini
1782 2204 1883 2250 tuo,
1920 2191 2143 2256 fignificat
2165 2193 2292 2255 quod
2317 2203 2505 2258 quoque

507 2277 670 2309 verum
690 2279 700 2307 :
744 2261 793 2306 &
813 2259 896 2305 erit
919 2257 1068 2305 semen
1093 2270 1226 2305 tuum
1250 2258 1363 2306 ficut
1385 2259 1538 2323 pulvis
1570 2271 1718 2316 terrae,
1758 2258 1984 2324 significat
2011 2258 2143 2323 quod«
2162 2260 2394 2307 Divinum
2425 2276 2505 2308 ve—

509 2343 614 2376 rum
639 2325 832 2374 naturale
855 2324 958 2372 effet
980 2324 1092 2372 ficut
1115 2323 1291 2373 bonum
1315 2326 1514 2374 naturale
1530 2345 1545 2374 2
1584 2327 1634 2374 &
1655 2341 1864 2390 erumpes
1888 2325 1943 2372 ad
1969 2342 2093 2373 mare
2117 2326 2166 2374 δε
2188 2325 2511 2390 adorientem,

508 2393 728 2460 fignificat
765 2391 1063 2439 extenfionem
1104 2392 1328 2440 infinitam
1351 2392 1491 2441 boni:
1538 2394 1588 2442 ὅτ
1618 2393 1675 2440 ad
1699 2391 2047 2456 septentrionem
2075 2394 2124 2441 &
2159 2392 2217 2440 ad
2251 2393 2514 2452 meridiem,

508 2460 732 2524 fignificat
754 2456 1058 2506 extenfionem
1084 2458 1307 2507 infinitam
1331 2461 1459 2516 veri3
1499 2460 1560 2507 ita
1581 2475 1740 2508 omnes
1764 2457 1901 2507 status
1925 2458 2035 2522 boni
2058 2459 2109 2507 δῑ
2133 2460 2256 2506 veri:
2296 2459 2346 2507 &
2371 2459 2507 2509 bene·

508 2526 715 2575 dicentur
743 2527 789 2572 in
812 2538 856 2572 te
878 2540 1038 2572 omnes
1065 2522 1252 2575 familiae
1275 2525 1424 2583 humi,
1459 2526 1683 2591 significat
1705 2526 1832 2590 quod
1854 2527 2010 2574 omnia
2031 2542 2138 2573 vera
2153 2525 2262 2574 boni
2286 2526 2512 2574 doctrinae.

509 2591 845 2657 conjungentur,
867 2590 990 2639 bono
1009 2609 1020 2639 :
1068 2592 1117 2639 &
1139 2590 1298 2640 semini
1334 2603 1431 2650 tuo,
1469 2593 1690 2656 fignificat
1719 2593 1769 2640 ὅτ
1792 2608 1903 2640 vero
1922 2611 1933 2640 :
1986 2592 2050 2640 Et
2072 2608 2177 2639 ecce
2199 2602 2289 2654 ego
2312 2607 2421 2639 cum
2445 2604 2506 2650 te,

511 2658 732 2721 fignificat
754 2654 880 2721 quod
903 2658 1131 2705 Divinum
1152 2676 1163 2705 z
1205 2659 1255 2705 &
1289 2657 1541 2706 custodiam
1564 2670 1609 2705 te
1635 2660 1684 2704 in
1707 2660 1836 2705 omni
1865 2674 1962 2721 quo
1984 2674 2054 2705 eas
2073 2680 2087 2713 ;
2123 2657 2346 2721 fignificat
2368 2659 2504 2705 Divi·

512 2740 619 2772 nam
641 2724 984 2773 Providentiam
1003 2741 1015 2770 ε
1050 2723 1100 2770 ὅτ.
1123 2724 1336 2770 reducam
1360 2735 1406 2772 te
1435 2725 1491 2771 ad
1516 2724 1712 2771 humum
1735 2723 1868 2780 hanc,
1891 2723 2113 2787 fignificat
2135 2720 2505 2785 conjunctionem

511 2806 621 2839 cum
645 2790 812 2837 Divina
834 2789 1066 2837 doctrina:
1113 2791 1217 2853 quia
1250 2805 1349 2836 non,
1381 2790 1638 2853 relinquam
1660 2802 1720 2846 te,
1756 2789 1900 2838 donec
1935 2789 2064 2852 quod
2095 2786 2243 2836 fecero
2277 2789 2405 2852 quod
2433 2791 2501 2838 lo-

510 2869 682 2922 quutus
704 2855 803 2911 tibi,
839 2855 1058 2918 fignificat
1079 2855 1205 2918 quod
1227 2855 1338 2902 nihil
1362 2855 1503 2903 deerit
1524 2858 1639 2919 quin
1659 2854 1873 2903 effectum
1897 2854 2117 2902 habitura.

581 2926 723 2989 3698.
759 2921 1030 2976 Somniavit,
1069 2921 1196 2983 quod
1240 2921 1462 2984 significet
1499 2921 1865 2985 praevidentiam,
1918 2919 2092 2968 constat
2121 2937 2148 2968 a
2183 2920 2508 2985 significatione

511 2989 747 3045 somniare,
771 2987 899 3051 quod
922 2988 968 3033 in
992 2984 1114 3033 sensu
1138 2988 1313 3035 interno
1336 2987 1389 3034 fit
1413 2985 1566 3036 futura
1588 2987 1847 3052 praedicere,
1884 2986 2054 3035 somnia
2075 2987 2197 3036 enim
2223 2987 2506 3052 prophetica,

510 3072 619 3122 quae
639 3056 828 3111 Divina,
862 3051 1124 3101 futurorum
1153 3052 1470 3117 praedictiones
1491 3053 1690 3112 fuerunt,
1721 3065 1775 3102 ut
1797 3052 1995 3102 constare
2031 3053 2179 3118 potest
2218 3053 2279 3102 ab
2307 3054 2412 3111 illis,
2449 3053 2515 3102 de

510 3118 679 3191 quibus
700 3122 748 3173 in
769 3119 943 3180 Verbo,
976 3136 1038 3197 n:
1061 3135 1201 3186 1975.
1234 3120 1389 3187 1976:
1432 3120 1658 3187 quiailla.
1679 3137 1761 3187 per
1783 3119 1966 3181 somnia-
1985 3121 2035 3171 ὅτ
2059 3120 2281 3172 somniare
2302 3122 2355 3199 in.
2383 3118 2513 3169 sensu·

1059 3229 1062 3233 .
2325 3199 2515 3240 moemo
