2904 3750
590 210 935 274 CAPUT
975 167 1569 276 *VIGESIM‘UM'
1599 212 2146 280 OCTAVUM.
2268 228 2418 299 429³

404 359 573 413 gantur
605 346 687 395 fibi
710 361 817 394 vera
839 343 1087 393 secundum
1109 342 1336 402 ordinem,
1377 357 1430 394 ut
1450 344 1645 402 dictum,
1687 344 1738 392 δε
1768 345 1871 392 finis
1907 345 2013 394 boni
2037 349 2165 412 quod
2198 366 2254 397 ex
2277 366 2412 408 vero‚.

406 414 625 471 fimiliter,
647 415 699 462 δε
721 413 828 477 quia
847 411 952 460 finis
974 409 1232 475 conjungit,
1272 411 1378 458 ideo
1410 427 1593 475 quoque
1615 407 1975 476 conjunguntur,
2003 431 2031 460 n
2053 433 2060 460 :
2082 417 2223 477 3562.
2250 418 2374 480 3565
2390 439 2412 474 ·,

402 480 630 529 inversum
654 479 828 527 ordinis
850 478 1011 542 primis
1033 475 1317 540 temporibus
1340 475 1405 523 est
1437 477 1584 524 solum
1610 478 1815 524 medium
1841 477 2038 542 spectans
2063 481 2219 528 finem.

473 549 615 612 3680.
649 546 718 601 Et
750 543 918 591 miserit
949 542 1072 590 illam
1097 542 1362 590 Paddanem
1382 543 1548 600 Aram,
1584 544 1708 607 quod
1742 544 1967 608 significet
2002 546 2182 593 initium
2218 549 2407 596 existen·

403 616 483 663 tiae
510 629 591 677 per
613 611 896 674 cognitiones
920 607 1040 656 illius
1075 607 1202 666 boni,
1238 609 1409 657 constat
1442 625 1499 657 ex
1535 610 1859 674 significatione
1894 611 2061 658 miserit
2098 613 2246 670 illum,
2282 617 2408 677 quod

340 702 359 711 ἃ
403 681 457 728 fit
488 679 669 727 initium
705 675 970 732 existentiae,
1005 675 1064 723 da
1095 692 1187 740 qua
1210 675 1339 739 supra
1372 692 1402 723 n
1423 695 1433 724 :
1457 677 1621 741 3674,
1662 678 1711 724 &
1748 693 1805 725 ex
1838 677 2164 741 fignificatione
2186 681 2410 728 Pacidanis

402 750 566 801 Aram,
601 743 728 808 quod
752 742 837 790 fint
859 742 1142 806 cognitiones
1173 745 1284 800 veri,
1322 743 1379 790 de
1401 759 1491 807 qua
1524 760 1554 791 n
1574 762 1585 792 :
1609 745 1771 807 36643
1809 746 2091 807 cognitiones
2116 745 2224 793 boni
2249 747 2408 793 dicun.-

400 808 502 869 tur,
528 811 637 875 quia
658 810 813 858 omnia
834 825 940 857 vera
962 809 1063 856 sunt
1086 810 1368 872 cognitiones
1394 809 1519 867 boni,
1555 826 1675 866 vera,
1712 827 1819 873 quae
1844 827 1934 858 non
1959 827 2014 858 ex
2038 812 2177 868 bono,
2202 826 2276 859 aut
2301 829 2410 876 quae

399 895 492 927 non
530 877 727 941 spectant
761 875 935 924 bonurn
973 889 1025 923 ut
1060 876 1220 933 fine'm,
1255 893 1348 924 non
1381 876 1482 924 sunt
1506 892 1643 934 vera3
1686 890 1731 924 at
1764 881 1982 943 quatenus
2018 877 2217 942 spectant
2241 880 2407 927 doctri-

401 961 526 1002 nam,
560 944 779 992 dicuntur
801 944 1087 1007 cognitiones
1110 945 1221 991 veri.

470 1010 612 1077 3681.
651 1010 733 1059 Ad
771 1010 1088 1075 accipiendum
1138 1009 1219 1059 fibi
1258 1009 1422 1057 exinde
1462 1011 1718 1068 mulierem,
1768 1012 1894 1074 quod
1933 1009 2154 1075 significet
2199 1011 2259 1060 s1c
2299 1028 2409 1059 conv

397 1078 686 1145 junctionem
717 1093 797 1143 per
830 1076 1117 1124 affectionem
1142 1076 1462 1133 veri,-constat
1495 1094 1552 1124 ex
1585 1078 1911 1141 fignificatione
1937 1079 2166 1135 mulieris,
2195 1079 2321 1142 quod
2357 1079 2412 1127 fit

402 1146 582 1206 affectio
604 1146 717 1201 veri,
753 1144 811 1191 de
833 1159 924 1209 qua
957 1160 1021 1191 n:
1046 1145 1184 1203 1468.
1214 1161 1238 1192 2
1246 1159 1363 1205 517,
1385 1145 1529 1207 3236,
1564 1160 1701 1207 quam
1729 1146 1946 1208 accipere,
1982 1145 2046 1192 est
2070 1145 2133 1191 illi
2156 1143 2357 1209 adjungi.

473 1212 615 1276 3682.
651 1211 704 1258 In
730 1209 1041 1257 benedicendo
1063 1225 1171 1257 cum
1196 1209 1277 1265 illi,
1314 1210 1364 1256 &
1394 1211 1660 1274 praeceperit
1694 1211 1825 1274 super
1847 1211 1997 1268 illum,
2034 1211 2246 1268 dicendo,
2285 1212 2411 1275 quod

402 1278 626 1342 fignificet
662 1289 712 1324 ut
735 1274 997 1340 conjunctio
1021 1276 1163 1333 fieret,
1199 1276 1486 1323 reflexionem
1529 1279 1578 1324 &
1616 1276 1720 1324 inde
1754 1280 2110 1342 perceptionem,
2151 1277 2331 1325 constat
2350 1295 2408 1326 ex

403 1344 727 1409 fignificatione
766 1342 986 1399 benedici,
1021 1343 1151 1407 quod
1189 1342 1243 1390 fit
1282 1341 1559 1406 conjunctio,
1597 1343 1653 1390 de
1689 1360 1779 1407 qua
1814 1361 2040 1408 n235o4.
2080 1364 2102 1409 3
2114 1362 2220 1406 514-
2266 1362 2409 1408 3530.

408 1416 550 1476 3565.
581 1416 745 1476 3584·,
785 1411 836 1457 δι
865 1425 921 1456 ex
956 1409 1278 1473 significatione
1317 1410 1563 1475 praecipere
1603 1411 1652 1459 δε
1688 1412 1853 1468 dicere,
1890 1412 2017 1475 quod
2052 1412 2104 1458 sit
2145 1412 2325 1459 reflexio
2360 1413 2412 1459 ὅτ.

405 1479 511 1526 in‘de
534 1479 781 1542 perceptio,
817 1476 874 1524 de
897 1493 990 1540 qua
1021 1493 1050 1524 n
1075 1495 1086 1523 :
1106 1477 1248 1540 3661.
2212 1493 2214 1495 >

419 1566 422 1570 ·
476 1546 619 1610 3683.
654 1545 768 1592 Non
802 1544 992 1606 accipies
1016 1543 1253 1590 mulierem
1284 1559 1308 1590 a
1331 1542 1509 1590 filiabus
1533 1544 1726 1601 Canaan,
1763 1544 1890 1608 quod
1916 1544 2136 1608 fignificet
2167 1544 2294 1609 quod
2317 1561 2412 1592 non

404 1610 756 1674 conjungeretur
795 1608 1107 1657 affectionibus
1143 1608 1238 1657 falfi
1280 1611 1329 1656 &
1371 1610 1495 1667 mali,
1536 1610 1709 1657 constat
1748 1627 1804 1657 ex
1843 1610 2167 1674 significatione
2209 1612 2411 1675 accipere

405 1678 661 1733 mulierem,
697 1675 823 1739 quod
847 1675 901 1722 stt
932 1675 1127 1722 affociari
1163 1677 1212 1723 δε
1236 1672 1476 1739 conjungi,
1513 1677 1561 1722 δε
1596 1693 1620 1722 a
1644 1676 1969 1739 significatione
1992 1678 2190 1726 filiarum
2215 1679 2418 1740 Canaan,

406 1744 533 1811 quod
558 1743 644 1791 sint
666 1741 922 1790 affeetiones
946 1739 1039 1788 falfi
1063 1742 1114 1789 &
1137 1741 1260 1799 mali,
1297 1743 1354 1788 de
1377 1758 1467 1805 qua
1490 1744 1627 1789 etiam
1659 1742 1788 1807 supra
1822 1760 1878 1789 n:
1908 1744 2050 1808 3662.

478 1813 620 1875 3684.
659 1809 723 1857 Et
755 1808 977 1856 audiverit
999 1808 1145 1870 jacob
1174 1808 1231 1856 ad
1254 1821 1430 1874 patrem
1455 1807 1586 1856 suum
1621 1809 1671 1856 ὅτ
1706 1810 1762 1857 ad
1789 1822 1980 1858 matrem
2005 1810 2147 1868 suam,
2186 1809 2361 1858 constat
2390 1827 2416 1858 a

408 1877 734 1940 fignificatione
772 1875 926 1924 audire
964 1876 1023 1922 ad
1060 1875 1256 1939 aliquem
1305 1874 1379 1922 seu
1417 1874 1678 1933 auscultare,
1730 1877 1857 1940 quod
1899 1877 1952 1924 fit
1991 1878 2191 1935 obedire,
2233 1878 2290 1925 de
2323 1893 2416 1942 qua

408 1960 438 1991 n
465 1960 475 1990 :
497 1959 621 2005 2542
646 1963 659 1997 ;
698 1941 829 2006 quod
851 1939 908 1988 ad
930 1953 1104 2004 patrem
1131 1945 1179 1988 &
1206 1943 1415 1998 matrem,
1442 1942 1662 2006 fignificat
1686 1942 1989 1992 obedientiam
2014 1961 2070 1992 ex
2094 1943 2346 1995 affectione.
2404 1995 2407 1997 ,

479 2011 622 2073 3685.
662 2007 727 2054 Et
762 2008 894 2054 iverit
926 2007 1183 2054 Paddanem
1210 2009 1377 2066 Aram,
1414 2010 1541 2070 quod
1566 2009 1788 2072 significet
1821 2011 1878 2058 ad
1916 2010 2219 2059 imbuendum
2255 2012 2415 2074 cogni·
2467 2068 2470 2071 .

409 2077 552 2123 tiones
577 2075 757 2121 boni&
782 2075 878 2121 veri
901 2073 1037 2131 iuius,
1076 2072 1249 2121 constat
1288 2090 1344 2120 ex
1376 2073 1701 2136 significatione
1738 2077 1801 2123 ire
1836 2077 1887 2124 &
1921 2078 2163 2141 proficisci,
2202 2078 2329 2141 quod
2363 2077 2418 2124 fit

409 2146 519 2190 vitae
551 2142 666 2189 ordo
691 2144 742 2206 ὃς
765 2139 1039 2196 institutum,
1076 2140 1132 2187 de
1155 2156 1244 2203 qua
1277 2156 1308 2186 n
1332 2157 1492 2204 :1293
1545 2158 1691 2204 3335,
1731 2141 1806 2190 hic
1837 2145 1987 2207 itaque
2017 2145 2074 2191 ad
2111 2143 2413 2191 imbuendum

408 2209 658 2256 fecundum
681 2206 908 2264 ordinem,
943 2222 1108 2270 nempe
1145 2207 1432 2270 cognitiones
1459 2208 1565 2254 boni
1600 2209 1648 2255 &
1674 2209 1769 2255 veri
1806 2209 1944 2265 illius,
1977 2226 2085 2274 quae
2109 2210 2418 2274 fignificantur

412 2292 491 2339 per
515 2275 778 2323 Paddanem
803 2275 968 2330 Aram,
1006 2289 1037 2320 n
1063 2291 1075 2321 :
1097 2273 1239 2336 3664.
1266 2273 1410 2337 3678.

480 2341 621 2404 3686.
664 2341 728 2387 Et
748 2339 867 2386 vidit
890 2338 1030 2396 Esau,
1061 2340 1190 2402 quod
1212 2339 1347 2387 malae
1370 2340 1478 2387 filiae
1503 2341 1684 2388 Canaan
1708 2341 1754 2388 in
1777 2341 1920 2388 oculis
1944 2340 2147 2402 Jischaki
2171 2345 2308 2406 patris
2331 2342 2414 2400 sui,

411 2407 539 2471 quod
574 2406 795 2470 fignificet
833 2405 1185 2468 praevidentiam
1217 2407 1265 2451 &
1292 2406 1626 2468 providentiam
1651 2409 1844 2454 Domini
1877 2407 2004 2470 quod
2040 2407 2294 2456 affectiones
2318 2411 2414 2455 veri

410 2475 545 2530 illius,
582 2488 691 2520 cum
714 2470 880 2536 quibus
911 2470 1091 2518 ‘bonum
1125 2472 1322 2518 naturale
1355 2472 1569 2519 hactenus
1608 2470 1907 2537 conjunctum
1947 2473 2066 2531 effer,
2109 2491 2200 2522 non
2240 2475 2415 2521 condu-

411 2553 561 2588 cerent
583 2540 640 2586 ad
664 2536 1050 2602 conjunctionem,
1088 2537 1261 2585 constat
1295 2555 1320 2584 a
1344 2538 1670 2601 significatione
1699 2539 1854 2586 videre
1885 2540 1976 2596 hic,
2011 2541 2138 2603 quod
2165 2540 2218 2587 fit
2246 2543 2419 2604 praevi—

409 2607 560 2654 dentia
581 2607 630 2653 ὅτ
655 2605 956 2669 providentia,
981 2604 1039 2651 de
1060 2620 1151 2667 qua
1179 2621 1209 2652 n
1229 2623 1240 2651 :
1263 2609 1405 2669 2837.
1434 2610 1560 2670 2839
1580 2628 1594 2661 3
1629 2622 1686 2653 ex
1710 2606 2096 2672 repraesentatione
2113 2606 2267 2664 Esavi,
2290 2609 2416 2670 quod

408 2674 463 2721 fit
490 2675 720 2722 Dominus
754 2671 908 2735 quoad
942 2671 1173 2718 Divinum
1207 2672 1391 2718 Bonum
1414 2671 1663 2730 Naturalis,
1700 2673 1757 2719 de
1789 2688 1880 2736 qua
1902 2675 2060 2737 prius,
2100 2690 2157 2720 ex
2190 2673 2413 2738 fignifica-

411 2742 535 2789 tione
570 2739 767 2786 filiarum
802 2739 1034 2795 Canaanis,
1076 2737 1152 2786 hic
1186 2737 1384 2785 filiarum
1423 2737 1592 2797 Cheth‚
1639 2739 1767 2803 quod
1807 2739 1894 2786 fint
1931 2739 2185 2788 affeffiones
2224 2743 2317 2787 veri
2358 2757 2416 2788 ex

413 2822 505 2854 non
539 2807 754 2872 genuino,
797 2804 853 2851 de
893 2820 986 2868 qua
1019 2821 1246 2870 n:3470.
1275 2806 1418 2869 3620.
1445 2805 1587 2869 3621.
1617 2807 1778 2870 36223
1819 2806 1868 2852 &
1904 2821 1962 2854 ex
2003 2806 2326 2869 fignificatione
2368 2810 2412 2855 in

413 2872 556 2919 oculis
577 2871 776 2934 Jischaki
811 2873 948 2934 patris
972 2869 1053 2927 sui,
1089 2872 1216 2935 quod
1241 2871 1295 2918 fit
1331 2888 1424 2919 non
1450 2872 1702 2920 conducere
1742 2873 1797 2919 ad
1823 2872 2208 2938 conjunctionem,
2250 2890 2416 2938 nempe

414 2953 494 3005 per
512 2938 745 2986 Naturalis
781 2936 957 2986 bonum
989 2938 1117 3001 quod
1153 2937 1272 2987 Esau
1311 2953 1418 2986 cum
1452 2939 1701 2988 Rationalis
1738 2940 1862 2986 bono
1901 2940 2027 3003 quod
2053 2939 2270 3002 Jischak3
2312 2941 2416 2987 inde

412 3016 552 3069 patet,
596 3004 723 3068 quod
757 3020 838 3068 per
869 3004 943 3052 illa
975 3004 1113 3052 verba
1148 3005 1427 3069 significetur
1459 3007 1759 3069 praevidentia
1797 3007 1848 3053 δε
1887 3007 2171 3070 providentia
2201 3007 2420 3063 Domini,

413 3067 542 3132 quod
581 3070 837 3118 affefflones
860 3071 956 3118 veri
989 3071 1126 3128 illius,
1163 3073 1270 3136 quia
1293 3087 1385 3119 non
1419 3088 1475 3119 ex
1498 3074 1715 3136 genuino,
1754 3088 1846 3120 non
1878 3073 2184 3120 conducerent
2219 3073 2277 3119 ad
2301 3088 2410 3119 con-

406 3133 722 3203 junctionem:
781 3137 881 3183 haec
912 3138 1153 3200 quomodo
1195 3137 1238 3185 se
1277 3138 1459 3195 habent,
1502 3139 1700 3186 constare
1740 3139 1886 3202 potest
1921 3139 1978 3185 ab
2017 3134 2313 3202 explicatione
2351 3137 2415 3184 ad*

412 3202 541 3270 Cap:
561 3216 697 3249 xxvr.
721 3199 864 3250 Vers:
887 3220 963 3269 34.
992 3219 1072 3266 35,
1108 3203 1187 3251 ubi
1221 3206 1372 3269 agitur
1407 3206 1466 3252 de
1489 3205 1663 3254 filiabus
1688 3205 1854 3264 Cheth,
1884 3221 1999 3268 quas
2023 3204 2139 3253 Esau
2174 3203 2253 3252 fibi
2283 3218 2416 3250 acce—

432 3292 434 3294 ·
2285 3281 2422 3335 perat
