2872 3730
533 271 664 332 174
764 248 769 251 ‘
885 242 1256 312 '‘G'E
1346 225 2152 311 NlE''›S-⁰I*S.NJ

527 368 608 424 est,
645 368 851 417 interiora
874 379 1053 432 patent:
1091 370 1151 417 ita
1173 366 1360 418 fallaciae
1382 369 1432 424 ὃς
1455 369 1746 434 apparentiae,
1783 374 1890 434 quae
1914 365 2013 417 sunt
2037 382 2141 416 vera
2163 379 2369 437 tempore
2393 372 2522 439 igno-

535 435 708 492 rantiae,
745 435 1008 499 diffipantur
1028 438 1075 483 &
1094 434 1406 485 discutiuntur.
2492 478 2497 483 .

605 519 744 565 3132.
781 502 845 550 Et
868 500 971 558 fuit,
995 513 1047 549 ut
1069 501 1222 550 videre
1238 502 1407 551 monile
1423 501 1474 550 δε
1494 500 1689 550 armillas
1712 499 1842 564 super
1860 501 2066 549 manibus
2084 500 2240 550 sororis
2264 502 2372 561 finae,
2397 507 2523 569 quod

536 566 756 630 significet
779 584 886 615 cum
924 566 1227 631 appe‘rciperet
1249 567 1477 615 Divinum
1503 569 1685 617 Bonum
1710 569 1758 615 δι
1782 568 2009 616 Divinum
2034 569 2208 616 Verum
2242 571 2286 617 in
2327 575 2525 634 potentia

535 634 781 682 affestionis
804 635 929 691 Veri,
963 650 1069 697 quae
1108 633 1246 691 soror,
1282 634 1455 682 constat
1492 634 1878 696 afignificatione
1916 634 2085 691 videre,
2120 636 2258 698 quod¹
2283 636 2334 683 fit
2363 653 2545 702 apper-a-

537 702 700 764 cipere,
738 701 794 751 de
817 717 905 764 qua
927 717 987 748 n:
1015 717 1178 763 21503
1214 716 1269 747 ex
1305 699 1627 764 significatione
1671 700 1871 756 moniliS,
1918 701 2046 764 quod
2085 702 2138 749 fit
2177 704 2403 751 Divinum
2444 705 2523 753 bo-

529 782 669 830 num,
692 767 749 814 de
771 783 862 830 qua
886 785 913 814 n
936 785 947 815 t
971 784 1113 830 3103.
1142 783 1267 830 3105
1290 788 1303 822 ·‚
1339 782 1395 814 ex
1419 766 1751 829 fignificatione(
1761 765 2059 824 armillarum,
2079 769 2206 831 quod
2230 769 2283 815 sit
2299 771 2525 819 Divinum

526 826 732 889 Veram,
769 834 826 880 de
848 849 938 896 qua
959 836 1093 880 etiam
1128 850 1188 880 n:
1213 850 1354 896 3103.
1383 849 1546 896 31053
1590 848 1647 879 ex
1680 832 2002 895 fignificatione
2037 849 2275 891 manuum,
2313 836 2440 899 quod
2473 838 2525 885 fit

539 901 756 962 potentia,
796 898 853 946 de
892 915 982 963 qua
1015 916 1077 947 n:
1101 903 1210 964 878.
1240 915 1403 963 3091·,
1459 900 1508 947 &
1544 915 1602 946 ex
1636 898 1960 962 significatione
1994 898 2172 957 sororis,
2212 902 2338 964 quod
2372 902 2426 949 s1t
2459 903 2524 950 af-

542 964 679 1012 feffio
718 967 831 1022 veri,
865 966 922 1012 de
957 981 1048 1029 qua
1080 982 1142 1013 n:
1171 969 1312 1029 2508.
1352 982 1495 1028 2524.
1524 966 1688 1028 2556,
1738 980 1796 1011 ex
1834 965 1999 1028 quibus
2034 978 2171 1029 patet,
2211 968 2339 1029 quod
2373 968 2526 1018 videre

527 1031 712 1078 ‘monile
739 1032 801 1095 A&
840 1031 1034 1079 armillas
1066 1030 1196 1094 super
1218 1032 1425 1080 manibus
1462 1030 1621 1080 sororis
1645 1030 1752 1088 suae,
1792 1030 1846 1078 fit
1875 1033 2164 1097 appercipere
2185 1034 2410 1082 Divinum
2437 1037 2527 1083 Bo·

542 1113 655 1144 num
697 1098 747 1144 &
781 1098 1010 1145 Divinum
1051 1097 1229 1146 Verum
1269 1099 1331 1144 in*
1349 1099 1552 1161 potentia
1589 1097 1835 1145 affectionis
1870 1100 1979 1145 veri.
2051 1099 2164 1147 Hoc
2199 1101 2259 1146 ita
2297 1099 2339 1147 se
2378 1101 2526 1158 habet,

515 1216 517 1218 ,
542 1161 804 1226 conjunctio
826 1163 987 1211 Divini
1010 1164 1127 1210 Boni
1149 1163 1199 1210 &
1227 1163 1384 1212 Divini
1407 1163 1518 1210 Veri
1551 1163 1598 1210 in
1624 1163 1845 1218 Domino,
1884 1163 1947 1210 est
1971 1163 2117 1226 ipsum
2149 1163 2418 1227 conjugium
2442 1169 2527 1214 Di*-

539 1231 718 1285 vinum,
755 1244 811 1276 ex
843 1244 937 1292 quo
960 1226 1231 1291 conjugium
1255 1227 1454 1286 coeleste,
1489 1227 1618 1291 quod
1652 1227 1854 1274 similiter
1887 1227 1952 1274 est
1992 1228 2100 1275 boni
2136 1230 2186 1277 δε
2213 1232 2324 1289 veri,
2357 1247 2414 1278 ex
2448 1233 2528 1287 illo

536 1297 672 1343 etiam
695 1294 758 1343 est
779 1310 909 1343 amor
929 1292 1210 1358 conjugialis,
1235 1294 1441 1343 videatur
1463 1310 1521 1341 n:
1543 1308 1670 1358 2727
1694 1292 1752 1340 ad
1778 1308 1906 1359 2759
1926 1315 1941 1349 ·,
1977 1293 2081 1342 inde
2103 1294 2182 1352 est,
2207 1294 2285 1342 ubi
2309 1297 2356 1343 in
2372 1297 2530 1346 Verbo

535 1363 686 1425 agitur
724 1361 782 1409 de
819 1359 1055 1424 conjugio,
1089 1360 1217 1425 quod
1252 1362 1300 1410 in
1333 1359 1456 1411 sensu
1495 1363 1672 1409 interno
1710 1359 1988 1422 fignificetur
2026 1357 2295 1425 conjugium
2330 1363 2526 1422 coeleste,

530 1427 662 1490 'quod
700 1426 764 1477 est
804 1427 911 1475 boni
944 1431 994 1475 ὅτ
1019 1428 1130 1484 veri,
1172 1442 1223 1475 ac
1263 1428 1310 1474 in
1344 1425 1555 1491 supremo
1578 1425 1700 1474 sensu
1735 1423 2004 1489 conjugium
2033 1428 2277 1485 Divinum,
2316 1430 2443 1493 quod
2478 1433 2524 1479 in

532 1494 774 1549 Domino,
817 1505 1093 1557 quapropter
1127 1493 1200 1544 hic
1236 1509 1317 1556 per
1337 1491 1608 1556 conjugium
1642 1493 1756 1540 inter
1779 1491 2047 1553 Jischakum
2072 1494 2121 1542 δι
2143 1493 2398 1543 Rebeccam
2434 1513 2527 1545 non

534 1560 658 1608 aliud
691 1559 992 1624 intelligitur,
1033 1558 1294 1622 conjunctio
1316 1558 1424 1611 boni
1449 1561 1496 1607 &
1521 1559 1616 1606 veri
1638 1558 1702 1606 est
1738 1558 1886 1620 ipsum
1910 1557 2198 1622 conjugium,
2234 1561 2423 1617 initiatio
2444 1579 2524 1609 au*-

534 1636 627 1677 tem
651 1625 715 1673 est
737 1624 1029 1689 desponsatio,
1069 1624 1141 1678 seu
1165 1625 1302 1673 status
1321 1623 1583 1687 praecedens
1602 1621 1872 1686 conjugium
1893 1645 1908 1679 ;
1945 1635 1990 1670 at
2013 1623 2148 1672 status
2172 1626 2427 1689 praecedens
2446 1629 2523 1675 de,-

534 1690 879 1755 sponsationem,
919 1691 982 1737 est
1005 1692 1084 1753 qui
1109 1691 1181 1737 hic
1205 1689 1504 1744 describitur,
1546 1690 1593 1736 in
1629 1689 1715 1736 hoc
1739 1688 1870 1745 statu,
1910 1689 2024 1736 ficut
2056 1691 2101 1736 in
2126 1692 2325 1753 potentia
2357 1695 2523 1756 puellae

532 1756 598 1804 est
628 1756 895 1821 desponsari,
929 1752 988 1808 δι’
1019 1756 1123 1803 dein
1163 1768 1215 1803 ut
1248 1771 1365 1803 uxor
1400 1752 1619 1818 conjungi
1657 1755 1836 1811 marito,
1879 1755 1938 1803 ita
1972 1756 2018 1802 in
2041 1759 2243 1818 potentia
2277 1757 2522 1807 affectionis

531 1824 629 1870 veri
657 1823 722 1872 est
751 1824 913 1876 initiari
949 1822 1124 1872 Divino
1146 1822 1286 1877 Vero,
1324 1823 1374 1869 &
1397 1821 1457 1869 fic
1491 1819 1708 1884 conjungi
1741 1822 1916 1869 Divino
1940 1823 2101 1869 Bono:
2144 1823 2195 1869 &
2227 1835 2447 1886 praeterea
2476 1827 2535 1874 in>

530 1892 680 1953 prima
716 1891 766 1943 δε
789 1890 910 1949 {dein
945 1889 992 1936 in
1025 1890 1154 1943 omni
1192 1887 1426 1943 affectione
1448 1887 1558 1940 Veri
1590 1886 1712 1949 apud
1733 1887 2010 1943 Dominum,
2050 1900 2144 1939 erat
2176 1889 2336 1935 intime
2372 1891 2523 1954 ipsum

531 1957 758 2004 Divinum
783 1957 966 2004 Bonum
999 1955 1050 2007 δε
1073 1954 1300 2002 Divinum
1322 1954 1518 2011 Verum,
1558 1955 1665 2016 quia
1690 1950 1785 2016 Ipse
1808 1952 2040 2014 Jehovah,
2074 1953 2179 2000 inde
2201 1956 2418 2018 potentia,
2459 1958 2518 2007 de

529 2038 619 2086 qua
641 2022 714 2070 hic
737 2024 899 2085 agitur.
2507 2059 2515 2066 .

598 2106 688 2152 313
697 2105 741 2152 3.
778 2089 842 2136 Et
870 2101 924 2138 ut
957 2088 1110 2137 audire
1146 2104 1253 2136 eum
1277 2086 1414 2135 verba
1435 2085 1660 2135 Rebeccae
1689 2082 1849 2133 sororis
1872 2083 1980 2143 suae,
2016 2085 2143 2149 quod
2169 2085 2391 2150 fignificet
2424 2089 2520 2154 ejus

528 2155 883 2212 inclinationem,
920 2154 1091 2208 constat
1113 2171 1170 2206 ex
1192 2153 1427 2202 affectione
1450 2167 1556 2215 quae
1587 2153 1635 2199 in
1658 2151 1728 2198 his
1751 2149 1931 2208 VerbiS,
1967 2164 2069 2213 tum
2093 2167 2200 2214 quae
2222 2169 2280 2200 ex
2303 2154 2389 2202 illis
2412 2173 2519 2220 quae

528 2221 826 2284 praecedunt·,
862 2221 1154 2273 testificantur
1176 2221 1300 2273 enim
1325 2219 1661 2274 inclinationem
1691 2233 1715 2264 a
1737 2229 1863 2281 parte,
1885 2217 2134 2271 affe-&ionis
2169 2221 2280 2276 veri,
2314 2222 2420 2284 qu'ae
2445 2223 2521 2273 hic

525 2303 607 2355 per
631 2288 885 2340 Rebeccam
911 2287 1106 2341 sororem
1131 2285 1484 2350 repraesentatur.
2474 2334 2476 2338 y

596 2372 622 2417 3
636 2371 741 2418 134.
776 2354 991 2406 Dicendo
1013 2354 1076 2400 ita
1099 2352 1319 2416 loquutus
1350 2351 1409 2406 ad
1434 2367 1509 2400 me
1530 2351 1618 2408 vir,
1653 2350 1782 2415 quod
1805 2350 2030 2414 significet
2053 2351 2401 2415 propensionem
2423 2356 2517 2404 veri

523 2419 571 2467 in
606 2420 790 2467 naturali
831 2420 1033 2479 homine,
1069 2418 1243 2467 constat
1265 2419 1430 2483 pariter
1462 2434 1521 2474 ex
1549 2417 1784 2471 affectione
1817 2433 1924 2481 quae
1947 2418 2037 2474 hic,
2073 2430 2176 2465 tum
2209 2434 2267 2467 ex
2289 2420 2377 2468 illis
2409 2438 2517 2486 quae

523 2487 595 2535 vir
635 2487 707 2533 seu
738 2486 889 2534 servus
913 2485 1164 2534 Abrahami
1198 2485 1256 2537 ad
1277 2484 1534 2535 Rebeccam
1571 2484 1805 2547 loquutus,
1840 2499 1897 2532 ex
1925 2484 2092 2546 quibus
2127 2496 2266 2547 patet,
2302 2488 2431 2550 quod
2462 2488 2517 2535 fit

524 2552 797 2614 propensio,
837 2553 888 2600 δε
927 2568 983 2599 ex
1015 2551 1338 2614 significatione
1360 2552 1466 2607 viri.
1501 2550 1632 2612 quod
1655 2550 1710 2599 fit
1731 2564 1912 2603 verum,
1947 2550 2004 2595 de
2029 2565 2132 2611 qua
2165 2565 2195 2594 n
2215 2567 2226 2596 :
2250 2552 2358 2613 265.
2402 2569 2515 2618 749⁴

530 2633 674 2680 1007,
710 2617 782 2664 hic
807 2618 982 2668 Verum
1019 2618 1064 2663 in
1087 2616 1289 2667 »naturali
1312 2616 1497 2670 homine
1530 2631 1555 2660 a
1578 2615 1770 2670 Divino,
1803 2615 1912 2676 quia
1944 2613 2008 2661 est
2030 2613 2180 2660 servus
2202 2613 2344 2665 senior
2366 2619 2515 2665 Abra-

523 2682 663 2739 hami,
698 2698 779 2745 per
815 2697 955 2745 quem
993 2681 1118 2744 quod
1154 2680 1370 2731 naturalis
1409 2680 1552 2730 horno
1585 2678 1876 2740 fignificetur,
1914 2678 2120 2725 videatur
2154 2695 2183 2725 n
2210 2698 2221 2726 :
2248 2699 2389 2748 3019.
2459 2685 2513 2732 In
2588 2708 2591 2711 ·

521 2748 679 2809 Verbo
713 2748 939 2810 imprimis
977 2746 1245 2810 prophetico
1283 2744 1444 2808 saepios
1477 2745 1646 2794 dicitur
1663 2744 1763 2800 Vir,
1798 2759 1963 2807 nempe
1986 2745 2074 2790 Vir
2106 2745 2155 2792 &
2179 2761 2310 2804 uxor,
2349 2750 2434 2795 Vir
2462 2752 2513 2798 δε

522 2813 731 2870 foemina,
766 2815 838 2859 vir
877 2813 925 2860 &
966 2812 1203 2868 habitator,
1237 2824 1340 2858 tum
1363 2812 1435 2857 vir
1465 2810 1515 2856 δε
1540 2809 1698 2866 homo,
1734 2826 1785 2856 ac
1814 2810 1876 2856 ibi
1911 2826 1991 2872 per
2012 2811 2165 2857 virum
2206 2813 2252 2859 in
2288 2813 2409 2862 sensu
2445 2817 2513 2863 in·

522 2893 652 2933 terno
674 2879 950 2942 significatur
984 2877 1032 2924 id
1061 2877 1187 2940 quod
1222 2876 1472 2924 intellectus
1508 2874 1588 2931 est,
1626 2876 1753 2938 quod
1776 2875 1839 2928 est
1861 2890 2058 2932 verum;
2102 2878 2152 2923 δε
2187 2894 2269 2941 per
2301 2896 2517 2940 uxorem‚.

521 2941 780 3002 foeminam,
817 2944 1113 2992 habitatorem
1154 2944 1202 2990 &
1244 2943 1496 2997 hominem,
1536 2941 1582 2987 id
1606 2941 1733 3004 quod
1757 2941 2003 2989 voluntatis
2041 2942 2122 2998 est,
2165 2945 2293 3007 quod
2331 2948 2394 2994 est
2428 2948 2510 2994 bo·
2559 3006 2562 3008 Β

521 3028 666 3068 num,
709 3024 762 3058 ut
794 3010 918 3075 apud
941 3009 1135 3066 Esaiam,
1174 3014 1207 3036 “
1232 3009 1402 3064 Video,
1434 3009 1486 3055 &
1512 3006 1649 3053 nullus
1671 3009 1762 3063 vir,
1798 3008 1847 3057 &
1870 3007 1927 3054 de
1967 3007 2053 3055 illis
2085 3009 2135 3055 δε
2173 3012 2324 3058 nullus
2365 3015 2509 3061 conli·

517 3078 732 3135 filiator,’'
766 3080 980 3133 xr1228,
1016 3075 1166 3122 nullus
1189 3076 1262 3123 vir
1293 3091 1377 3139 pro
1413 3089 1504 3121 non
1538 3073 1831 3136 intelligente,
1867 3074 1927 3119 i-ta
1965 3090 2050 3137 pro
2090 3091 2180 3122 non
2205 3093 2347 3133 vero3
2384 3082 2517 3143 apud„

519 3145 752 3201 Eundem,
790 3148 824 3171 “
849 3142 966 3191 Veni
1002 3143 1052 3200 ὃς
1087 3157 1167 3190 non
1200 3143 1292 3200 vir,
1328 3140 1519 3210 clamavi
1557 3140 1607 3187 ὅτ
1646 3155 1739 3187 non
1770 3138 2087 3203 responden3,''
2134 3158 2261 3211 ιαμ,
2286 3193 2289 3194 ⁷
2315 3148 2517 3209 pariterz.

2387 3215 2507 3276 apud
