2904 3750
587 223 936 317 CAPUT
983 250 1550 314 ,VIGESIMUM
1602 251 2165 323 SEPTIMUM.
2271 262 2397 345 361

397 393 510 457 quid
544 405 695 440 autem
723 390 870 438 Haedi
893 391 941 438 &
966 391 1130 452 Caprae
1153 387 1538 450 significaverunt,
1576 385 1776 435 constare
1799 386 1947 450 potest
1972 400 2064 435 tam
2089 406 2145 436 ex
2168 389 2407 448 sacrificiis,

401 463 448 508 in
479 460 646 524 quibus
679 457 999 513 offerebantur,
1034 471 1175 518 quam
1210 470 1268 500 ex
1300 455 1395 499 aliis
1436 455 1546 500 locis
1589 456 1632 500 in
1658 453 1850 508 Verbo·,
1905 456 2067 501 exinde
2109 471 2244 518 patet,
2281 459 2408 521 quoni

401 529 532 591 Agrii
557 528 604 574 δε
625 528 784 586 Agnae
809 522 1158 584 significaverint
1180 521 1493 568 Innocentiam
1519 521 1689 567 Interni
1726 519 1799 566 seu
1825 521 2072 567 Rationalis
2109 524 2322 579 hominis,
2360 526 2408 571 &c

403 593 531 659 qnod
555 592 704 640 Haedi
729 591 778 636 ὅτ
802 591 966 651 Caprae
990 589 1299 636 Innocentiam
1326 587 1522 634 Externi
1556 586 1631 634 seu
1654 587 1882 634 Naturalis
1908 588 2122 642 hominis,
2159 591 2219 636 ita
2236 592 2408 637 Verum

403 664 453 709 &
479 661 663 707 Bonum
687 655 820 702 illius.
892 655 1040 715 Quod
1057 655 1234 702 Verum
1269 655 1319 702 δι’
1344 655 1527 714 Bonum
1550 655 1829 702 Innocentiae
1851 655 2045 702 Externi
2083 655 2156 701 seu
2182 657 2413 705 Naturalis

404 726 604 776 hominis
638 738 719 786 per
742 721 958 769 Haedum
992 724 1041 769 δε
1067 722 1267 786 Capram
1290 720 1587 785 significetur,
1623 721 1795 769 constat
1826 737 1883 768 ex
1907 721 1974 768 liis
2000 724 2046 768 in
2063 723 2218 769 Verbo
2239 746 2252 778 3
2289 726 2413 787 apud

405 792 601 851 Esaiam,
638 794 673 816 ‘⁶
698 787 1078 837 Commorabitur
1113 790 1252 853 lupus
1290 804 1401 836 cum
1425 790 1566 852 Agna,
1615 789 1664 836 δι
1706 789 1873 853 pardus
1908 805 2018 836 cum
2045 790 2174 838 Haedo
2213 790 2413 847 cubabit,

405 858 577 907 vitulus
600 857 736 904 etiam
763 857 812 903 &
837 855 911 904 leo
924 855 1127 920 juvenis,
1163 858 1214 905 δε
1237 857 1337 904 ovis
1359 872 1466 912 una,
1502 857 1552 903 &
1577 872 1692 920 puer
1723 872 1890 919 parvus
1917 857 2053 904 ducet
2086 859 2220 914 eas,’'‘
2242 874 2293 904 xi
2316 875 2327 905 ε
2351 859 2379 905 6
2402 881 2415 913 ;

402 927 468 975 ibi
497 926 649 989 agitur
682 923 740 971 de
758 923 934 988 Regno
956 925 1170 980 Domini,
1204 924 1254 972 ’δε
1280 923 1342 971 ibi
1372 923 1430 970 de
1462 921 1577 970 statu
1604 923 1769 970 nullius
1795 925 1971 970 timoris
1995 941 2020 971 a
2044 924 2181 981 malo,
2218 923 2291 971 scu
2317 925 2418 971 nul-

406 994 494 1042 lius
530 1003 680 1039 metus
717 1006 804 1055 pro
837 988 1030 1048 inferno,
1066 993 1174 1055 quia
1210 989 1334 1054 apud
1357 991 1655 1046 Dominum;
1696 992 1866 1054 Agnus
1895 991 1944 1038 &
1971 991 2167 1038 Hoeclus
2205 1007 2292 1055 pro
2330 992 2417 1039 illis

406 1062 488 1125 qui
511 1060 768 1107 innocentia
791 1055 909 1115 sunt,
945 1059 1027 1122 qui
1050 1060 1156 1122 quia
1179 1058 1391 1105 omnium
1416 1057 1625 1105 tutissimi
1649 1058 1768 1114 sunt,
1805 1059 1958 1121 primo
1981 1058 2084 1106 loco
2108 1061 2415 1106 nominantur.

406 1129 534 1175 Cum
567 1142 707 1174 omne
745 1126 1110 1189 primogenitum
1132 1125 1336 1189 AEgypti
1374 1137 1700 1188 percuteretur,
1743 1125 2012 1172 mandatum
2047 1123 2154 1182 fuit,
2189 1138 2240 1173 ut
2279 1142 2418 1189 pecu-

408 1195 520 1242 dem
560 1194 787 1256 integram
821 1194 870 1240 δε
905 1191 1149 1250 masculam
1187 1192 1246 1239 de
1269 1193 1407 1255 Agnis
1445 1190 1517 1238 vel
1544 1192 1689 1240 Hoedt's
1722 1192 1984 1248 mactarent,
2025 1193 2074 1239 δε
2112 1192 2169 1239 de
2204 1192 2419 1256 sanguine

390 1261 569 1309 *darent
591 1258 723 1323 super
745 1257 894 1322 postes
917 1258 968 1306 ὅτ
991 1257 1123 1322 super
1145 1257 1479 1323 superliminare
1502 1259 1751 1314 domuum,
1777 1259 1824 1306 δε
1850 1258 1911 1306 fic
1935 1275 2027 1306 non
2051 1259 2157 1307 effet
2179 1259 2268 1306 illis
2288 1259 2422 1324 plaga

410 1344 436 1375 a
469 1326 739 1391 percuffore,
774 1324 914 1373 Exod
934 1343 944 1372 :
965 1341 1040 1373 κη
1064 1344 1075 1373 :
1098 1342 1142 1388 5.
1170 1341 1213 1390 7.
1247 1343 1301 1390 13
1325 1348 1340 1381 ·,
1377 1326 1738 1390 primogenitum
1764 1326 1980 1389 AEgypti,
2005 1325 2069 1373 est
2092 1326 2267 1374 bonum
2291 1327 2421 1373 amo2

411 1398 474 1443 ris
497 1394 547 1442 &
576 1393 801 1440 charitatis
823 1391 1115 1449 exstinctum,
1151 1409 1181 1439 n
1201 1411 1213 1441 ε
1234 1410 1260 1457 3
1268 1410 1326 1457 32
1333 1409 1398 1455 5³
1437 1394 1568 1456 Agni
1598 1393 1647 1440 δι
1680 1392 1809 1452 hoedi
1844 1393 1946 1442 sunt
1970 1392 2106 1441 status
2131 1394 2422 1454 innocentiae,

412 1463 461 1509 in
493 1459 663 1524 quibus
694 1459 916 1524 quisunt,
955 1475 982 1506 a
1013 1460 1136 1508 malo
1165 1458 1267 1507 sunt
1290 1460 1455 1515 tutati-,
1497 1476 1657 1507 omnes
1689 1460 1813 1507 enim
1844 1461 1891 1506 in
1918 1460 2044 1508 coelo
2072 1477 2152 1524 per
2185 1460 2320 1507 status
2356 1462 2424 1507 in-

414 1527 688 1575 nocentiae'a
709 1527 920 1574 Domino
942 1538 1163 1584 tutantur,
1197 1526 1340 1575 tutela
1372 1526 1450 1574 illa
1483 1541 1562 1590 per
1585 1526 1904 1575 mactationem
1937 1528 2044 1590 agni
2075 1539 2154 1574 aut
2188 1526 2334 1583 hoedi,
2375 1527 2426 1574 &

405 1590 643 1657 ‚sanguinis‘
679 1593 813 1656 super
846 1591 995 1657 postes
1036 1594 1087 1640 ὅτ
1121 1592 1458 1657 superliminare
1495 1593 1743 1650 domuum,
1777 1592 2089 1657 repraesentata
2126 1591 2228 1642 fuit.
2299 1594 2425 1640 Cum

394 1660 550 1724 ‘alicui
585 1657 706 1706 visus
740 1670 835 1706 erat
867 1658 1079 1720 Jehovah
1110 1674 1194 1722 per
1216 1659 1476 1722 Angelum,
1519 1675 1576 1706 ne
1615 1672 1883 1716 moreretur,
1919 1659 2247 1708 sacrificabatur
2269 1660 2431 1708 Hoedus

410 1738 678 1790 caprarum,
718 1737 773 1779 ut
807 1740 918 1773 cum
951 1723 1070 1773 visus
1092 1725 1312 1783 Gideoni,
1348 1726 1585 1788 Jud:vr:
1613 1744 1702 1791 ¹9⁶2
1739 1726 1790 1773 δε
1816 1727 2093 1784 Manoacho,
2132 1728 2261 1788 Jud:
2289 1742 2425 1774 xm:

401 1793 495 1859 15.
527 1793 600 1844 16.
633 1811 724 1858 19³
765 1791 897 1841 causa
917 1804 1030 1850 erat,
1065 1793 1195 1857 quod
1213 1791 1422 1856 Jehovah
1444 1791 1518 1840 seu
1544 1793 1775 1842 Dominus
1808 1794 1998 1851 nemini,
2035 1810 2091 1841 ne
2114 1794 2303 1858 quidem
2323 1795 2425 1841 An-

417 1860 541 1926 gelo,
589 1861 724 1924 poffit
756 1875 988 1924 apparere,
1025 1860 1106 1908 nifi
1147 1859 1240 1917 ille,
1276 1861 1352 1909 cui
1383 1871 1585 1925 apparet,
1621 1860 1675 1908 fit
1714 1861 1762 1908 in
1802 1860 1917 1908 statu
1958 1863 2263 1916 innocentiae3
2320 1876 2431 1924 qua-

408 1938 607 1992 ‘propter
645 1937 699 1972 ut
736 1928 943 1989 primum
965 1927 1200 1974 Dominus
1233 1927 1371 1984 adest,
1418 1928 1664 1976 mittuntur
1701 1929 1749 1975 in
1785 1927 1950 1976 statum
1990 1930 2279 1985 innocentiae,
2325 1944 2430 1974 nam

382 2018 391 2023 ·
418 1993 655 2054 Dominus
686 2008 769 2056 per
790 1992 1095 2041 innocentiam
1119 1994 1272 2051 intrat,
1307 1995 1444 2051 etiam
1480 1995 1604 2059 apud
1629 1995 1839 2059 Angelos
1874 1997 1920 2042 in
1961 1995 2117 2050 coelo3
2164 2011 2213 2042 ea
2247 2008 2434 2058 propter

421 2075 560 2108 nemo
598 2060 644 2106 in
684 2056 860 2106 coelum
899 2059 1054 2122 venire
1092 2059 1256 2123 potest,
1309 2061 1391 2107 nifi
1427 2061 1601 2124 aliquid
1646 2063 1926 2111 innocentioe
1964 2062 2136 2119 habeat,
2185 2060 2436 2109 secundum

421 2127 619 2175 Domini
651 2124 789 2173 verba
822 2125 946 2190 apud
969 2125 1254 2174 Matthaeum
1284 2127 1391 2190 >Cap
1417 2146 1427 2174 :
1449 2143 1613 2186 xviii:
1637 2146 1679 2191 3.
1720 2129 1885 2178 Marc:
1910 2146 1970 2180 x:
1997 2148 2069 2192 15.
2109 2130 2245 2177 Luc:
2266 2145 2397 2176 xviii
2422 2148 2431 2175 :

428 2209 488 2260 17
505 2216 522 2249 3
558 2191 690 2257 quod
725 2190 768 2240 se
792 2193 1037 2240 morituros
1061 2193 1309 2250 crederent,
1345 2209 1454 2240 cum
1490 2206 1720 2258 appareret
1744 2195 1972 2254 Jehovah‚
2010 2196 2087 2243 nifi
2114 2196 2329 2243 offerrent
2353 2196 2435 2242 ho-

422 2258 679 2309 locaustum
712 2258 817 2317 tale,
852 2259 1063 2315 videatur
1085 2260 1226 2322 Judic
1246 2279 1257 2309 :
1281 2276 1380 2308 x111
1404 2279 1414 2307 :
1439 2278 1516 2310 22.
1546 2278 1570 2310 2
1579 2279 1623 2324 3.
1695 2261 1822 2325 Qia
1840 2262 2079 2324 >genuinus
2112 2278 2241 2308 amor
2275 2259 2434 2325 conju·-

423 2326 557 2391 gialis
584 2325 650 2374 est
682 2327 954 2382 innocentia,
990 2343 1021 2373 n
1040 2345 1051 2375 :
1073 2328 1221 2392 2736,
1262 2327 1439 2374 solenne
1462 2326 1551 2375 fuit
1576 2329 1623 2375 in
1646 2327 1845 2375 Ecclesia
1861 2327 2247 2391 Repraesentativa
2270 2328 2430 2374 intrare

423 2392 482 2441 ad
514 2407 708 2440 uxorem
742 2407 824 2455 per
847 2393 1160 2442 munus'haedi
1179 2406 1431 2456 caprarum,
1470 2407 1522 2441 ut
1545 2395 1602 2441 de
1627 2394 1829 2441 Simsone
1847 2394 1988 2454 Judic
2008 2412 2019 2442 :
2042 2410 2110 2440 xv
2131 2413 2141 2441 :
2169 2412 2210 2450 1,
2237 2394 2435 2457 legitur·,

422 2459 563 2508 etiam
603 2458 661 2507 de
699 2458 883 2520 Jehuda
916 2475 1026 2508 cum
1064 2459 1122 2508 ad
1158 2460 1456 2518 Thamarem,
1507 2461 1642 2508 Gen:
1666 2476 1861 2508 xxxvui
1892 2479 1902 2508 :
1930 2478 2002 2525 17.
2030 2478 2106 2510 20.
2135 2478 2212 2524 23.
2285 2461 2430 2524 Qiod

423 2525 620 2576 Hoedus
644 2525 693 2573 ὅτ
717 2525 870 2592 Capra
903 2525 1255 2594 fignificaverint
1275 2528 1606 2585 Innocentiam,
1647 2529 1783 2575 etiam
1807 2539 1931 2592 patet
1955 2545 1978 2574 a
2001 2527 2237 2575 Sacrificiis
2268 2540 2432 2584 reatus,

426 2607 537 2660 cum
571 2593 676 2656 quis
707 2608 790 2655 per
826 2608 1027 2642 errorem
1064 2596 1337 2658 peccaverit,
1372 2595 1500 2659 quod
1536 2595 1612 2642 illa
1643 2594 1874 2655 offerrent,
1911 2594 2080 2642 Levit:
2107 2613 2125 2643 1
2152 2612 2162 2640 ε
2190 2613 2261 2643 ιο.
2304 2595 2433 2657 Cap:

406 2675 553 2708 xiv:
576 2662 654 2708 28.
691 2659 958 2723 Cap:v:6
979 2682 995 2715 3
1038 2674 1284 2724 peccatum
1313 2677 1644 2727 per-errorem,
1691 2660 1754 2708 est
1784 2662 2022 2725 peccatum
2062 2663 2349 2725 ignorantire,
2386 2663 2432 2708 in

350 2794 356 2798 ἱ
412 2742 519 2792 -qua
540 2726 807 2774 innocentia.
874 2725 1004 2774 Idem
1030 2739 1154 2791 patet
1176 2744 1203 2776 a
1226 2729 1453 2781 Mandato
1476 2728 1563 2776 hoc
1580 2729 1758 2776 Divino
1779 2729 1902 2792 apud
1927 2727 2109 2784 Mosen,
2150 2733 2183 2754 “
2214 2729 2433 2775 Primitias

411 2793 732 2858 primitiarum
755 2804 888 2841 terrae
925 2807 1020 2842 tuae
1057 2794 1213 2843 afferes
1233 2795 1431 2844 domum
1455 2795 1649 2857 Jehovae
1672 2796 1762 2843 Dei
1795 2797 1887 2842 tui:
1931 2811 2022 2842 non
2046 2794 2230 2842 elixabis
2255 2795 2431 2842 Hoedum

426 2861 476 2907 in
498 2858 608 2907 laCte
642 2859 798 2907 matris
821 2858 964 2917 suae,'’
1005 2860 1142 2909 Exod
1163 2880 1174 2910 :
1196 2878 1327 2911 xx111
1356 2881 1367 2912 ε
1400 2880 1487 2927 19.-
1511 2863 1639 2926 Cap:
1660 2877 1850 2909 xxxnr:
1874 2863 1953 2918 26,
1996 2861 2072 2909 ubi
2102 2878 2180 2925 per
2213 2863 2431 2925 primitias

427 2937 579 2983 terrae,
613 2941 727 2990 quas
752 2925 963 2975 afferrent
997 2927 1195 2975 domum
1221 2929 1431 2990 Jehovae,
1470 2929 1748 2992 fignificatur
1781 2927 1918 2976 status
1941 2930 2210 2976 innocentiae
2248 2945 2354 2992 quae
2388 2931 2432 2975 in

428 2989 648 3047 infantia,
687 2994 736 3040 δε
758 3008 845 3056 per
867 3009 961 3041 non
985 2994 1151 3044 elixare
1184 2996 1385 3044 hoedum
1409 2997 1455 3043 in
1479 2996 1591 3044 laste
1615 2996 1769 3044 matris
1793 2994 1898 3052 suae,
1935 2996 2065 3059 quod
2090 3012 2179 3042 non
2217 2996 2430 3041 innocen-

429 3056 540 3103 fiam
578 3056 781 3106 infantiae
814 3060 1085 3123 perderent,
1127 3064 1234 3126 quia
1270 3063 1346 3110 illa
1378 3063 1705 3127 significantur,
1748 3061 1953 3125 sequitur,
1980 3078 2124 3108 unum
2167 3061 2437 3107 mandatum-

430 3123 763 3172 incontinenter
789 3126 997 3183 alterum,
1034 3129 1079 3174 in
1112 3141 1306 3193 utroque
1345 3129 1451 3177 loco
1485 3131 1640 3186 citato,
1676 3144 1782 3192 quae
1822 3131 1868 3175 in
1909 3127 2032 3174 sensu
2068 3128 2223 3174 literali
2258 3124 2431 3189 prorsus

351 3255 354 3257 ‚
430 3186 602 3234 diversa
633 3202 864 3251 apparent,
898 3191 973 3240 sed
1010 3195 1057 3241 in
1082 3194 1205 3242 sensu
1240 3199 1417 3244 interno
1440 3196 1682 3243 cohaerent.
1755 3195 1880 3259 Qia
1903 3195 2058 3242 Hoedi
2092 3196 2141 3241 δε
2168 3196 2204 3239 C
2208 3208 2341 3255 aprae,
2383 3204 2435 3238 ut
2490 3186 2499 3194 Χ

432 3253 628 3310 dietum,
665 3253 1031 3318 significaverunt
1053 3261 1386 3320 Innocentiam,
1423 3263 1561 3309 etiam
1584 3260 1758 3327 jussum
1795 3273 1906 3316 erat,
1944 3274 1995 3309 ut
2028 3261 2168 3307 aulaea
2191 3259 2323 3370 {uper
2341 3258 2432 3370 1lia-

1427 3328 1469 3376 Z
1493 3343 1521 3374 z
1693 3369 1697 3371 ,
2223 3326 2335 3370 itacu
2359 3340 2437 3371 um
