2904 3750
590 228 940 295 CAPUT
986 219 1559 305 v1GEs1MUM
1612 225 2125 303 ocTAvoM.
2240 251 2376 316 427

364 361 506 411 >Vidit
528 361 647 411 Esau
677 362 806 426 quod
830 359 1111 408 benedixerit
1131 356 1318 419 jischak
1339 356 1534 418 Jacobo,
1569 355 1792 421 fignificat
1814 358 2138 420 cogitationem
2162 359 2269 408 boni
2292 378 2370 410 na-

370 429 526 478 turalis
560 429 619 478 de
640 427 959 492 conjunctione
987 442 1069 490 per
1090 426 1187 472 veri
1222 423 1403 471 bonum'
1431 423 1562 486 quod
1585 421 1762 484 Jacob:
1803 423 1854 471 δε
1891 423 2057 472 miserit
2092 425 2222 475 illurn
2248 429 2366 476 Pad-

368 497 534 545 danem
558 498 723 553 Aram,
757 493 980 558 fignificat
1015 491 1199 538 initium
1236 488 1486 549 existentiae
1523 505 1605 554 per
1644 489 1925 552 cognitiones
1964 491 2081 539 illius
2119 492 2258 541 boni:
2306 497 2364 543 ad

363 562 682 628 accipiendum
705 560 786 608 fibi
806 558 968 606 exinde
989 556 1246 613 mulierem,
1270 555 1496 620 fignificat
1517 556 1578 603 fic
1595 554 1964 620 conjunctionem
1982 574 2064 622 per
2082 559 2364 609 affectionem

364 631 492 678 veri:
533 630 582 676 in
605 627 913 675 benedicendo
935 618 1043 671 'eum
1067 623 1149 681 illi,
1186 624 1236 671 δε
1260 623 1527 688 praeceperit
1550 622 1681 687 super
1702 622 1850 681 illum,
1886 624 2099 681 dicendo,
2140 626 2363 689 fignificat

364 707 420 744 ut
451 691 713 758 conjunctio
753 692 895 749 fieret,
936 690 1230 738 reflexionem
1269 690 1320 737 ὅτ
1354 690 1460 737 inde
1496 691 1863 754 perceptionem:
1905 707 2000 739 non
2034 692 2222 755 accipies
2259 709 2362 740 mu-

362 762 517 811 lierem
541 777 567 808 e
598 759 775 808 filiabus
799 759 995 814 Canaan,
1031 756 1252 821 fignificat
1281 756 1407 820 quod
1431 773 1524 804 non
1549 755 1906 822 conjungeretur*
1922 756 2233 806 affeEtionibus
2266 757 2360 807 falfi

361 828 414 877 δε
435 827 573 876 mali:
613 827 665 875 ὅτ,
695 825 920 874 audiverit
942 824 1087 886 Jacob
1120 824 1177 871 ad
1201 836 1375 889 patrem
1401 822 1532 872 suum
1565 825 1617 872 &
1650 824 1707 872 ad
1740 836 1934 872 matrem
1956 824 2097 881 suam,
2136 825 2358 890 significat

361 894 668 944 obedientiam
707 894 756 941 δε
802 891 1119 951 affectionem:
1180 892 1231 939 &
1269 891 1402 938 iverit
1439 891 1702 938 Paddanem
1737 893 1882 939 Aram
1923 892 2159 956 fignificat,
2200 894 2273 940 hic
2305 907 2359 940 ut

357 963 502 1027 prius,
535 960 592 1008 ad
632 958 937 1007 imbuendum
973 958 1259 1022 cognitiones
1298 957 1408 1004 boni
1445 957 1494 1005 &
1534 958 1629 1004 veri
1666 957 1791 1006 illas:
1834 959 1883 1006 &
1919 959 2036 1006 vidit
2070 959 2188 1006 Esau
2228 961 2357 1023 quod

356 1028 490 1077 malae
525 1027 635 1075 filiae
657 1028 836 1075 Canaan
871 1026 919 1073 in
954 1024 1098 1073 oculis
1121 1023 1323 1087 Jischaki
1360 1026 1500 1088 patris
1540 1022 1623 1082 sui,
1661 1024 1884 1088 fignificat
1920 1027 2266 1090 praevidentiam
2307 1024 2357 1075 St
2388 1053 2391 1055 >

355 1094 694 1160 providentiam
727 1092 939 1149 Domini,
982 1091 1110 1156 quod
1142 1090 1398 1139 affectiones
1431 1092 1527 1138 veri
1560 1091 1695 1148 illius,
1735 1107 1844 1138 cum
1868 1092 2034 1155 quibus
2068 1093 2242 1140 bonum
2277 1110 2355 1140 na—

354 1161 495 1210 turale
516 1161 728 1209 hastenus
758 1157 1057 1223 conjunctum
1080 1157 1201 1215 effet,
1226 1173 1318 1205 non
1342 1157 1651 1205 conducerent
1673 1157 1729 1204 ad
1752 1156 2119 1222 conjunctionem
2140 1179 2151 1209 ε
2197 1160 2246 1207 δε
2271 1161 2355 1207 ivit

354 1227 474 1277 Esau
506 1227 562 1275 ad
593 1225 855 1289 Jischmael,
904 1225 956 1272 ὅτ
993 1227 1167 1289 accepit
1203 1223 1466 1272 Machalath
1505 1224 1646 1272 filiam
1670 1223 1946 1286 Jischmaelis
1979 1225 2061 1272 filii
2084 1227 2350 1284 Abrahami,

351 1294 574 1359 fignificat
612 1291 982 1358 conjunctionem
1014 1290 1123 1338 boni
1158 1290 1276 1339 illius
1316 1306 1425 1338 cum
1456 1306 1566 1339 vero
1597 1307 1654 1339 ex
1691 1291 1864 1355 origine
1899 1293 2099 1340 Divina:
2153 1293 2350 1341 sororem

352 1359 586 1424 Nebajoth
619 1359 749 1424 super
786 1357 1002 1407 foeminas
1037 1356 1134 1406 suas
1170 1355 1252 1405 fibi
1287 1358 1347 1406 ad
1378 1357 1633 1416 mulierem,
1678 1357 1900 1422 fignificat
1937 1359 2221 1408 affectionem
2258 1362 2352 1408 veri
2419 1380 2423 1384 ·

348 1427 543 1476 coelestis
566 1428 765 1475 interius.
2305 1459 2307 1461 >

280 1540 283 1541 γ
422 1496 565 1560 3679.
601 1494 734 1542 Vidit
757 1491 875 1541 Esau
906 1491 1036 1556 quod
1066 1491 1347 1540 benedixerit
1370 1491 1558 1554 Jischak
1579 1492 1770 1554 Jacobo,
1806 1493 1934 1557 quod
1970 1493 2190 1558 significet
2222 1495 2349 1558 cogi-

350 1564 567 1610 tationem
593 1560 699 1608 boni
723 1559 936 1607 naturalis
959 1560 1017 1606 de
1039 1557 1357 1623 conjunctione
1381 1575 1465 1622 per
1486 1560 1580 1606 veri
1605 1559 1798 1616 bonum,
1835 1560 1960 1623 quod
1983 1561 2144 1620 Jacob,
2181 1561 2351 1609 constat

349 1644 407 1676 ex
429 1628 751 1690 significatione
775 1625 944 1682 videre,
978 1625 1105 1689 quod
1129 1624 1182 1672 fit
1206 1626 1422 1688 cogitare,
1460 1626 1659 1689 cogitare
1691 1627 1811 1672 enim
1850 1642 1940 1673 non
1977 1627 2096 1674 aliud
2122 1627 2183 1674 est
2206 1644 2348 1691 quam

349 1695 504 1741 videre
542 1695 683 1750 intus,
717 1692 791 1739 seu
813 1690 934 1738 visus
963 1692 1198 1747 internus;
1238 1706 1296 1738 ex
1323 1690 1710 1754 repraesentatione
1734 1691 1886 1748 Esavi,
1923 1694 2050 1756 quod
2085 1694 2136 1741 fit
2171 1694 2345 1741 bonurn

350 1759 581 1817 naturalis,
616 1759 673 1807 de
711 1774 802 1822 qua
836 1775 866 1806 n
889 1775 900 1806 :
922 1775 1066 1822 3300.
1094 1773 1236 1822 330²·
1265 1774 1405 1821 3322.
1435 1774 1579 1824 3494.
1609 1775 1751 1821 3504.
1782 1761 1922 1823 3576.
1963 1778 2122 1824 3599;
2171 1777 2226 1807 ex
2262 1761 2351 1825 fig-

352 1827 608 1875 nificatione
631 1825 854 1883 benedici,
876 1823 1003 1889 quod
1028 1824 1081 1873 sit
1102 1822 1379 1889 conjunctio,
1416 1825 1474 1872 de
1495 1841 1586 1889 qua
1607 1842 1637 1872 n
1657 1844 1667 1872 ε
1691 1842 1832 1888 3504.
1862 1843 2005 1889 3514.
2035 1844 2176 1891 3530.
2206 1845 2231 1892 3
2238 1831 2348 1891 565.

350 1897 517 1958 35843
565 1908 623 1940 ex
667 1891 1051 1955 repraesentatione
1078 1890 1307 1956 *Jischakss
1357 1891 1485 1956 quod
1525 1892 1578 1940 fit
1615 1892 1844 1939 Divinum
1883 1894 2119 1942 Rationale
2158 1895 2351 1943 Domini

349 1960 502 2023 quoad
526 1959 754 2006 Divinum
778 1959 978 2015 Bonum,
1013 1958 1070 2005 de
1103 1973 1193 2021 qua
1222 1955 1382 2021 prius;
1416 1956 1467 2006 δε
1501 1974 1559 2007 ex
1593 1959 1980 2022 repraesentatione
2005 1960 2185 2021 Jacobi,
2222 1963 2349 2026 quod

350 2027 406 2074 fit
444 2026 540 2073 veri
580 2024 775 2088 bonum,
812 2024 868 2071 de
900 2039 992 2087 qua
1025 2024 1251 2089 nt3669.
1279 2024 1440 2088 36773
1489 2025 1593 2072 inde
1630 2038 1768 2089 patet,
1804 2027 1933 2090 quod
1964 2043 2046 2091 per
2082 2028 2200 2075 vidit
2229 2029 2347 2076 Esau

347 2093 477 2157 quod
503 2091 778 2139 benedixerit
801 2089 985 2152 Jischak
1009 2089 1203 2151 Jacobo,
1240 2090 1517 2154 significetur
1539 2093 1755 2154 cogitatio
1781 2092 1890 2140 boni
1924 2095 2132 2142 naturalis
2158 2095 2213 2143 de
2238 2112 2347 2143 con·

339 2157 579 2224 junffione
609 2173 690 2222 per
711 2158 807 2205 veri
829 2157 1019 2205 bonum.
1091 2156 1226 2216 Quid
1258 2168 1409 2204 autem
1433 2156 1488 2204 fit
1516 2159 1733 2221 cogitatio
1765 2158 1874 2206 boni
1906 2161 2114 2208 naturalis
2148 2162 2204 2210 de
2236 2179 2346 2210 con-

342 2224 579 2290 junctione
614 2218 696 2290 per
731 2224 826 2272 veri
864 2223 1058 2282 bonum,
1094 2239 1176 2271 nec
1208 2221 1308 2271 satis
1340 2223 1552 2287 explicari
1586 2223 1735 2288 potest
1768 2225 1823 2270 ad
1857 2239 2060 2289 captum,
2100 2228 2172 2275 sed
2206 2229 2346 2293 usque

308 2286 314 2289 ’
347 2293 502 2355 paucis
524 2291 879 2355 explicandum,
917 2291 1136 2354 cogitatio
1169 2288 1278 2339 boni
1311 2291 1520 2338 naturalis
1555 2290 1619 2339 est
1653 2292 1869 2354 cogitatio
1891 2292 2140 2341 Rationalis
2174 2294 2246 2341 seu
2270 2297 2347 2343 In·-

348 2359 463 2406 terni
497 2359 694 2406 hominis
728 2358 775 2405 in
807 2358 1015 2405 Naturali
1050 2355 1125 2405 seu
1161 2354 1369 2406 Externo
1404 2357 1606 2415 homine,
1657 2359 1706 2405 &
1742 2358 1929 2421 quidem
1965 2375 2021 2406 ez<
2053 2357 2147 2423 ejus
2188 2361 2345 2419 bono,

346 2424 598 2472 Rationalis
629 2425 752 2471 enim
777 2422 851 2471 seu
873 2425 1080 2472 Internus
1101 2422 1244 2471 homo
1275 2423 1339 2470 est
1361 2424 1441 2487 qui
1477 2425 1664 2488 cogitat,
1705 2441 1796 2471 non
1828 2437 1979 2472 autem
2002 2425 2229 2474 Naturalis
2266 2427 2340 2475 seu

343 2491 592 2548 Externus,
621 2506 731 2538 nam
757 2489 830 2538 ille
857 2488 928 2538 seu
953 2491 1160 2537 Internus
1183 2490 1326 2538 homo
1358 2488 1422 2537 est
1451 2491 1498 2538 in
1523 2490 1624 2538 luce
1656 2491 1780 2547 coefi,
1818 2491 1863 2538 in
1891 2507 1982 2555 qua
2006 2492 2104 2539 luce
2128 2492 2191 2540 est
2212 2495 2341 2542 intel-

346 2557 533 2622 ligentia
565 2558 614 2605 ὅτ
648 2557 860 2620 sapientia
896 2574 922 2604 a
954 2558 1178 2613 Domino,
1234 2574 1262 2604 n
1288 2575 1299 2604 :
1323 2574 1465 2622 3195.
1492 2575 1634 2623 3399.
1665 2558 1804 2622 3636.
1833 2559 1979 2621 3643,
2015 2559 2088 2605 sed
2115 2560 2342 2608 Externus

346 2624 491 2672 homo
525 2623 589 2672 est
613 2625 659 2671 in
683 2624 784 2671 luce
810 2624 989 2681 mundi,
1027 2625 1073 2670 in
1097 2639 1187 2687 qua
1219 2623 1341 2671 nulla
1378 2624 1441 2671 est
1475 2624 1786 2687 intelligentia,
1825 2627 1875 2672 &
1910 2641 1965 2672 ne
1999 2626 2185 2689 quidem
2212 2628 2340 2684 vita;

345 2686 622 2755 quapropter
654 2690 735 2738 nisi
766 2691 972 2738 Internus
1006 2689 1148 2738 homo
1178 2691 1397 2754 cogitaret
1429 2692 1478 2738 in
1499 2691 1718 2748 Externo,
1755 2691 1976 2755 nusquam
2012 2693 2181 2756 aliquid
2213 2697 2344 2758 cogi-

343 2760 427 2806 tari
460 2759 638 2822 pollen
678 2756 753 2804 sed
782 2756 921 2821 usque
955 2769 1139 2821 apparet
1172 2758 1389 2822 cogitatio
1423 2756 1600 2805 homini
1630 2757 1743 2805 ficut
1779 2759 1825 2806 in
1848 2757 1943 2822 ejus
1967 2759 2173 2807 Externo
2206 2759 2339 2818 foret,

346 2840 451 2871 nam
488 2838 546 2872 ex
574 2825 662 2872 illis
682 2839 789 2887 quae
823 2841 903 2888 per
927 2823 1070 2871 sensus
1106 2824 1342 2881 intrarunt,
1382 2824 1434 2873 δε
1468 2824 1570 2871 sunt
1599 2825 1779 2882 mundi,
1818 2827 2021 2889 cogitat·‚
2059 2827 2157 2874 haec
2187 2826 2228 2874 se
2264 2828 2338 2875 ha-

340 2889 469 2947 bent,
505 2890 616 2939 ficut
638 2891 758 2938 vilbs
779 2892 918 2948 oculi,
957 2892 1101 2940 homo
1119 2890 1327 2939 sensualis
1350 2903 1498 2956 putat,
1533 2892 1659 2955 quod
1694 2891 1853 2940 oculus
1874 2893 2025 2940 videat
2057 2910 2112 2940 ex
2137 2894 2193 2950 se,
2231 2911 2338 2941 curn

255 2994 260 2998 .
347 2969 498 3004 tamen
532 2958 692 3006 oculus
730 2958 872 3006 modo
907 2957 971 3005 est
1010 2973 1236 3022 organum
1277 2961 1500 3023 corporis,
1538 2975 1618 3023 per
1653 2959 1781 3023 quod
1805 2960 2012 3007 Internus
2048 2961 2191 3008 homo
2214 2962 2340 3008 videt

346 3020 427 3071 illa
449 3038 557 3086 quae
586 3037 714 3075 extra
747 3040 914 3089 corpus
953 3024 1056 3084 sunt
1092 3024 1168 3073 seu
1199 3041 1308 3089 quae
1346 3027 1392 3072 in
1427 3026 1639 3082 mundo,
1682 3027 1730 3074 &
1761 3042 1946 3090 quoque
1986 3027 2098 3074 ficut
2132 3026 2173 3074 se
2206 3027 2340 3075 habet

343 3103 456 3136 curn
475 3089 667 3152 loquela,
701 3090 906 3139 sensualis
927 3091 1070 3140 homo
1101 3092 1296 3156 putaret,
1332 3093 1460 3157 quod
1484 3109 1534 3141 os
1554 3092 1604 3140 δε
1638 3093 1797 3156 lingua
1829 3093 2088 3156 loqueretur
2109 3108 2166 3140 ex
2189 3093 2246 3150 se,
2287 3093 2337 3140 &

343 3157 424 3219 qui
458 3154 740 3219 aliquantum
777 3156 1014 3208 sublimius
1046 3161 1239 3224 cogitat,
1275 3158 1597 3274 qqu-Idhllarynx
1628 3161 1678 3209 δε
1712 3174 1882 3223 organa
1915 3161 2124 3208 interiora
2160 3159 2340 3223 aspirate

1518 3242 1544 3274 2
2319 3241 2345 3272 a
