2904 3750
509 245 760 317 424—
1034 185 2006 299 GE‘NESIS.

516 362 690 409 bonum
722 368 778 408 ex
802 375 896 424 quo
919 372 1079 407 verum
1111 357 1175 406 est
1197 357 1326 421 quod
1358 355 1421 404 est
1444 348 1561 405 Esau
1582 377 1598 412 ·,
1640 354 1816 403 bonum
1841 353 1968 418 quod
1990 370 2047 401 ex
2067 370 2177 402 vero
2202 353 2262 402 est
2287 356 2513 408 inversum

518 428 576 474 ad
600 422 776 474 bonurn
801 443 856 474 ex
876 443 971 491 quo
994 442 1190 481 verum;
1231 427 1276 472 in
1309 424 1433 471 bono
1462 422 1590 487 quod
1626 438 1683 470 ex
1705 439 1814 469 vero
1851 421 1954 469 sunt
1992 421 2056 468 illi
2089 423 2169 485 qui
2203 438 2521 486 regenerantur

520 505 759 557 antequam
785 495 1027 556 regenerati
1052 492 1169 548 sunt,
1204 504 1248 538 at
1281 491 1327 538 in
1351 491 1474 555 bono
1504 505 1563 537 ex
1582 505 1676 552 quo
1700 505 1862 536 verum
1897 489 1997 535 sunt
2027 489 2167 536 iidem
2201 507 2308 537 cum
2341 508 2524 554 regene-

498 561 640 615 ·rati·,
678 560 803 623 quod
827 559 961 608 status
992 560 1176 607 illorum
1200 556 1402 606 inversus
1433 557 1504 614 fit,
1540 557 1746 604 videatur
1781 572 1840 602 n:
1864 573 2005 621 3539.
2036 560 2179 620 3548.
2210 559 2350 620 3556.
2380 560 2524 623 3563.

629 643 672 676 0-
798 627 844 674 6.
905 627 966 675 60
1005 663 1014 673 .
2483 667 2490 670 ,

529 642 840 755 3-5Ξ67ἕ57Εῑ
873 644 997 739 (ὃᾶεὼίἷ
1032 692 1114 738 tibi
1142 690 1504 738 benedifflonem
1528 688 1797 746 Abrahami,
1833 688 1960 752 quod
1984 688 2204 752 significet
2239 688 2523 752 conjunctio-

529 775 636 807 nem
675 759 816 823 Ipfius
839 760 998 805 Divini
1037 773 1148 804 cum
1189 757 1404 815 bono&
1441 757 1566 803 Vero
1601 755 1847 813 Naturalis,
1901 755 2072 803 constat
2108 773 2161 802 ex
2203 757 2527 820 significatione

528 824 867 881 benedictionis,
902 823 1025 887 quod
1066 824 1118 870 fit
1152 821 1427 886 conjunctio,
1469 823 1525 868 de
1549 838 1637 885 qua
1661 821 1791 884 supra
1826 839 1882 869 n:
1907 823 2047 885 3660.
2078 824 2202 887 3667
2232 846 2244 878 3
2290 827 2425 871 &ex
2460 841 2527 871 re—

528 890 865 954 praesentatione
891 890 1171 945 Abrahami,
1193 888 1319 953 quod
1351 888 1406 936 fit
1443 887 1602 952 Ipsum·
1623 889 1849 935 Divinum
1875 889 2085 945 Domini,
2120 889 2247 953 quod
2278 891 2410 938 Pater
2443 907 2526 938 vo-

529 970 672 1013 catur,
709 959 765 1004 de
804 973 891 1018 qua
926 973 1158 1005 n12011.
1203 972 1344 1019 3251.
1391 973 1553 1020 3439,
1594 956 1643 1002 δι
1678 956 1784 1018 quia
1817 954 1915 1002 haec
1951 955 2164 1002 dicuntur
2197 956 2252 1002 ad
2278 958 2524 1016 Jacobum,

528 1039 610 1087 per
642 1040 779 1086 quem
806 1022 1189 1085 repraesentabitur
1213 1022 1438 1070 Divinum
1462 1021 1677 1068 Naturale
1701 1021 1894 1068 Domini
1917 1022 2067 1084 quoad
2089 1023 2317 1069 Divinum
2343 1025 2526 1072 Bonum

528 1090 578 1135 δε
602 1089 775 1142 Verum
801 1089 879 1144 ibi,
914 1088 977 1135 est
1001 1086 1259 1150 conjunctio
1291 1089 1434 1151 Ipsius
1457 1089 1618 1134 Divini
1645 1102 1753 1134 curn
1778 1087 1901 1134 bono
1933 1089 1982 1134 &
2007 1104 2117 1134 vero
2141 1089 2387 1146 Naturalis,
2413 1106 2519 1154 quae

531 1171 612 1218 per
647 1161 680 1182 “
706 1156 828 1202 dabit
859 1155 941 1201 tibi
971 1154 1328 1201 benedictionem
1352 1154 1651 1210 Abrahami,”
1691 1154 1736 1199 in
1762 1151 1885 1200 sensu
1912 1155 2089 1199 interno
2112 1153 2401 1216 significatur.
2471 1157 2527 1203 In

531 1220 651 1268 sensu
687 1222 828 1269 literae
861 1221 925 1268 est
958 1221 1156 1284 poffeffio
1190 1232 1322 1267 terrae
1354 1220 1589 1276 Canaanis,
1629 1234 1736 1283 quae
1771 1234 1852 1282 per
1891 1218 2249 1266 benedictionem
2275 1220 2529 1270 Abrahami

531 1287 813 1350 intelligitur,
863 1288 910 1335 δε
945 1301 1130 1350 quoque
1165 1302 1244 1350 per
1276 1286 1413 1334 verba
1451 1302 1557 1350 quae
1597 1284 1859 1348 sequuntur,
1906 1289 1940 1312 “
1965 1285 2046 1332 Ad
2083 1285 2442 1335 haereditandum
2486 1301 2529 1336 te

531 1366 693 1400 terram
718 1355 1129 1417 peregrinationum
1154 1366 1353 1410 tuarum,
1389 1368 1530 1417 quam
1560 1351 1686 1399 dedit
1708 1353 1838 1400 Deus
1862 1349 2130 1416 Abrahamo
2150 1374 2164 1408 ;
2199 1352 2449 1401 secundum
2473 1354 2530 1400 il·

532 1419 628 1466 lum
671 1420 843 1467 sensum
883 1423 1017 1467 etiam
1059 1420 1135 1467 illa
1170 1420 1307 1467 verba
1349 1421 1535 1483 capiunt
1571 1435 1729 1466 omnes
1775 1419 1856 1483 qui
1896 1418 2087 1467 credunt
2134 1419 2261 1482 quod
2294 1420 2544 1468 Historica

529 1485 669 1532 Verbi
705 1503 796 1534 non
833 1486 1082 1550 coelestiora
1116 1488 1164 1534 &
1201 1487 1426 1534 arcaniora
1458 1485 1711 1542 involvant,
1757 1486 1983 1549 imprimis
2012 1485 2138 1532 Gens
2170 1486 2377 1548 Judaica,
2417 1503 2526 1551 quae

527 1554 665 1599 etiam
690 1552 768 1599 fibi
793 1569 889 1617 prae
910 1553 1122 1601 omnibus
1146 1552 1358 1616 gentibus
1383 1554 1431 1601 δε
1457 1552 1639 1616 populis
1663 1551 1769 1600 inde
1786 1551 1992 1599 vindicat
2007 1554 2436 1616 praerogatativam3
2470 1553 2526 1602 fi-

529 1618 696 1665 militer
720 1620 1031 1667 intellexerunt
1054 1619 1135 1666 illa
1166 1630 1311 1681 patres
1343 1634 1521 1674 eorum,
1556 1634 1606 1666 ac
1639 1618 1867 1680 imprimis
1887 1618 2113 1680 Jacobus,
2142 1620 2223 1683 qui
2246 1619 2391 1683 qualis
2426 1618 2540 1667 fue--

529 1686 603 1740 rit,
629 1685 827 1732 constare
852 1685 995 1746 potest
1017 1701 1073 1731 ex
1098 1684 1184 1730 illis
1215 1700 1322 1747 quae
1355 1699 1467 1731 mox
1489 1683 1619 1746 supra
1642 1700 1672 1730 n
1692 1700 1703 1731 t
1724 1683 1869 1746 2667,
1908 1683 2031 1730 dieta
2052 1683 2170 1740 sunt,
2207 1685 2336 1746 quod
2361 1701 2527 1750 nempe

530 1765 623 1803 non
658 1753 835 1798 noverit
859 1751 1101 1811 Jehovam,
1138 1765 1219 1796 nec
1256 1748 1491 1812 agnoscere
1524 1749 1736 1804 voluerit,
1770 1748 1850 1794 nifi
1883 1763 2098 1811 corporea
2126 1749 2182 1796 ’δε
2220 1751 2449 1798 mundana
2481 1752 2522 1798 ei

528 1815 685 1873 daret,
728 1816 800 1863 sed
834 1817 960 1880 quod
993 1833 1073 1864 nec
1099 1815 1348 1872 Abraham,
1384 1831 1467 1863 nec
1491 1813 1693 1876 Jischak,
1729 1817 1810 1861 nec
1835 1813 2033 1875 Jacobus
2064 1814 2274 1865 intellecti
2308 1816 2409 1872 lint,
2446 1815 2521 1864 sed

527 1883 654 1946 quod
695 1899 775 1947 per
797 1883 1022 1944 Jacobum
1058 1881 1395 1946 repraesentetur
1425 1882 1659 1928 Dominus
1700 1880 1853 1942 quoad
1875 1880 2102 1933 Naturale„
2129 1882 2257 1942 quod
2294 1882 2521 1929 Divinum

528 1947 706 2005 faceret,
742 1948 797 1996 ab
830 1950 1199 2013 explicationibus
1234 1948 1412 1997 abunde
1445 1959 1598 2010 patet:
1639 1945 1766 2010 quod
1800 1945 1985 2008 perinde
2020 1944 2091 2002 fit,
2125 1945 2270 2009 qualis
2294 1946 2437 2001 homo
2465 1947 2522 1996 fit

528 2017 610 2078 qui
649 2014 945 2078 repraesentat,
993 2016 1082 2063 five
1123 2014 1266 2063 malus
1303 2014 1393 2061 five
1427 2013 1590 2069 bonus,
1626 2013 1676 2059 δε
1709 2011 1838 2075 quod
1873 2010 2016 2059 malus
2047 2026 2178 2075 aeque
2211 2012 2522 2077 repraesentare

528 2083 678 2144 poffit,
713 2082 762 2130 δε
791 2081 1196 2145 repraesentaverint
1218 2080 1446 2128 Divinum
1468 2078 1680 2135 Domini,
1714 2077 1922 2124 videatur
1955 2094 1985 2124 n
2012 2078 2154 2141 :665.
2197 2096 2335 2144 1097.
2368 2081 2484 2144 1361
2508 2098 2541 2128 :-

526 2147 652 2195 idem
687 2147 833 2212 potest
863 2148 1058 2195 constare
1093 2163 1148 2194 ex
1181 2145 1553 2210 repraesentativis
1582 2159 1690 2209 quae
1720 2144 1855 2193 etiam
1880 2143 2049 2199 hodie3
2089 2159 2247 2192 omnes
2284 2146 2405 2203 enirn
2427 2147 2522 2195 Re-

529 2215 924 2276 ges,·.quicunque
964 2213 1064 2260 sunt
1102 2214 1152 2261 δῑ
1189 2211 1517 2276 qualescunque
1556 2209 1673 2267 sunt,
1713 2226 1795 2273 per
1833 2209 1984 2274 ipsum
2021 2210 2227 2273 Regium
2264 2212 2387 2275 apud
2422 2212 2523 2262 illos

527 2279 839 2342 repraesentant
878 2281 1174 2334 Dominum
1219 2279 1381 2342 pariter
1426 2292 1586 2326 omnes
1626 2276 1903 2333 Sacerdotes,
1954 2276 2216 2340 quicunque
2255 2279 2306 2324 &
2346 2278 2519 2342 quales-

527 2351 707 2408 cunque
731 2344 831 2393 sunt
852 2362 931 2410 per
955 2344 1102 2410 ipsum
1127 2345 1437 2401 Sacerdotale·,
1477 2342 1625 2408 ipsum
1650 2343 1855 2407 Regium
1889 2341 1938 2390 &
1973 2341 2122 2406 ipsum
2149 2342 2427 2392 Sacerdotale
2457 2344 2522 2393 est

525 2412 761 2469 Sanctum,
797 2411 1117 2475 qualiscunque
1156 2412 1193 2459 is
1228 2410 1292 2459 est
1325 2412 1407 2474 qui
1447 2409 1699 2465 ministrat,
1741 2408 1846 2456 inde
1880 2408 1962 2464 est,
1996 2409 2124 2472 quod
2147 2409 2355 2458 Verbum
2390 2412 2520 2475 quod

523 2477 678 2524 Malus
703 2478 854 2535 docet,
890 2495 1020 2542 aeque
1042 2477 1242 2526 sanftum
1272 2477 1341 2535 fit,
1363 2478 1500 2525 etiam
1526 2477 1868 2524 Sacramentum
1891 2474 2101 2539 baptismi
2123 2476 2174 2524 ὅτ
2197 2475 2327 2524 Sacra
2350 2477 2518 2536 Coena,

524 2543 575 2590 ὅτ,
610 2544 798 2592 fimilia:
839 2545 943 2590 inde
975 2561 1158 2608 quoque
1181 2543 1378 2591 constare
1409 2541 1572 2610 potest,
1608 2542 1736 2605 quod
1759 2540 1978 2605 nusquam
2001 2541 2162 2604 aliquis
2183 2542 2289 2590 Rex
2310 2541 2392 2590 fibi
2413 2544 2516 2590 vin·

525 2608 668 2656 dicare
698 2622 834 2672 queat
866 2610 922 2657 de
946 2610 1111 2656 Sancto
1142 2610 1271 2674 quod
1300 2607 1397 2672 ejus
1419 2610 1557 2672 Regii
1589 2608 1653 2655 est
1669 2630 1686 2664 ς
1731 2623 1814 2655 nec
1846 2607 2005 2670 aliquis
2028 2607 2243 2656 Sacerdos
2271 2607 2332 2671 de
2353 2608 2520 2657 saneto

524 2675 651 2737 quod
687 2673 782 2737 ejus
806 2677 1050 2722 Sacerdotii
1086 2674 1182 2730 est3
1225 2686 1451 2738 quantum
1482 2674 1563 2721 fibi
1596 2689 1653 2720 ex
1689 2673 1771 2720 illo
1805 2673 2005 2719 vindicat
2044 2671 2118 2719 seu
2152 2673 2197 2719 id
2232 2672 2311 2719 fibi
2342 2673 2518 2731 tribuit,

409 2743 418 2750 '
460 2795 463 2797 ,
526 2752 704 2787 tantum
728 2742 837 2787 iuris
862 2740 1096 2803 spiritualis
1117 2740 1434 2797 characterem,
1469 2739 1549 2788 seu·
1564 2737 1674 2785 furti
1707 2737 1941 2802 spiritualis
1962 2750 2137 2794 notam,
2173 2737 2254 2784 fibi
2286 2738 2517 2801 imponit3

526 2808 577 2853 &
599 2822 781 2869 quoque
814 2820 1035 2869 quantum
1059 2805 1165 2854 mali
1199 2806 1321 2861 facit,
1357 2804 1444 2852 hoc
1476 2803 1555 2860 est,
1591 2814 1747 2850 contra
1775 2801 1952 2865 justum
1973 2803 2244 2864 &NJaequum
2277 2804 2325 2850 &
2359 2818 2518 2854 contra
2555 2838 2567 2846 -

527 2870 702 2918 bonum
737 2872 787 2919 ὅτ
810 2887 988 2926 verum,
1024 2883 1200 2918 tantum
1234 2871 1360 2918 exuit
1386 2871 1495 2921 Rex
1533 2868 1950 2931 repraesentativum
1983 2868 2133 2915 Sancti
2165 2868 2320 2931 Regii,
2357 2871 2404 2917 δι
2437 2871 2517 2920 Sa-

527 2938 685 2986 cerdos
718 2935 853 2984 sancii
893 2935 1138 2993 sacerdotii,
1176 2951 1227 2983 ac
1260 2934 1541 2999 repraesentat
1562 2934 1853 2997 oppofitum:
1895 2932 2002 2981 inde
2035 2934 2082 2979 in
2103 2933 2303 2981 Ecclesia
2325 2936 2518 3000 Reprae-

431 3013 434 3017 ’
526 3003 739 3050 sentativa
773 3003 962 3064 Judaica
996 3013 1065 3049 tot
1099 3002 1250 3066 Leges
1294 3000 1398 3048 latae
1436 3000 1539 3048 sunt
1580 2999 1639 3046 de
1679 3000 1860 3055 Sanno,
1906 2999 1953 3046 in
1988 3015 2083 3062 quo
2119 3000 2256 3048 effent
2289 3001 2521 3064 imprimis

525 3069 802 3128 SacerdoteS,
838 3085 946 3116 curn
982 3066 1310 3116 ministrarent:
1350 3067 1407 3117 de
1445 3082 1536 3132 qua
1571 3081 1638 3124 re,
1671 3081 1728 3116 ex
1757 3065 1927 3115 Divina
1959 3066 2152 3116 Domini
2188 3066 2516 3127 Misericordia,

522 3135 653 3202 plura
685 3137 732 3185 in
755 3133 1039 3204 sequentibus
1068 3134 1289 3184 dicentur.

2227 3200 2381 3266 3671·
2406 3198 2519 3248 Tibi
