2872 3730
450 237 576 282 112
953 153 1929 277 GENESIS

447 348 607 404 sancta,
642 344 714 394 sed
750 342 957 394 interiora
993 342 1240 408 prophana,
1275 341 1483 389 videatur
1516 358 1578 390 n:
1607 345 1745 391 1182.
1768 334 1863 389 ‘128
1873 357 1914 403 3.
1947 354 2086 404 1295.
2118 352 2257 404 1304.
2297 340 2436 405 1306.

460 413 602 476 1326,
638 411 742 460 inde
765 411 879 474 quid
899 411 1174 458 Mercaturae
1199 411 1247 456 &
1271 409 1453 456 Merces
1486 406 1582 473 ejus
1615 419 1752 471 patet.
1822 406 1967 465 Quod
1989 407 2223 454 Mercator
2257 405 2327 463 sit,
2361 407 2450 470 qui.

455 491 689 542 comparat
712 477 791 525 fibi
826 478 1109 540 cognitiones
1131 477 1226 522 veri
1249 475 1298 522 δι
1323 473 1448 531 boni,
1482 476 1533 523 &
1574 474 1681 521 inde
1713 473 2056 536 intelligentiam
2090 473 2140 526 ὃς
2163 471 2442 536 sapientiam,

457 545 630 592 constat
665 561 691 592 a
724 544 918 591 Domini
951 541 1099 589 verbis
1141 541 1263 604 apud
1297 540 1593 597 Matthaeum,
1633 544 1668 567 “
1692 539 1850 587 Simile
1881 538 1944 586 est
1967 540 2185 602 Regnum
2217 538 2444 586 coelorum

459 611 618 658 homini
645 610 918 673 negotiatori,
965 609 1184 671 quaerenti
1223 606 1430 670 pulchras
1468 605 1742 669 margaritaS,
1776 606 1858 669 qui
1896 620 2004 652 cum
2039 605 2269 652 inveniffet
2307 619 2446 651 unam

460 675 701 740 pretiosam
739 675 1047 737 margaritam,
1082 672 1232 719 abiens
1270 672 1463 724 vendidit
1496 673 1652 719 omnia
1688 686 1796 735 quae
1832 670 2005 727 habuit,
2040 670 2090 718 &
2130 673 2229 718 emit
2261 670 2445 726 illam,’'

463 757 560 788 x111
585 759 690 805 ²45·
719 742 781 801 46
799 763 812 796 3
853 739 1043 803 pulchra
1067 739 1305 801 margarita
1334 738 1397 785 est
1420 737 1605 785 charitas
1638 736 1713 784 seu
1734 736 1910 791 bonum
1931 737 2051 784 fidei.
2122 736 2268 800 Qod
2290 751 2448 784 omnes

464 809 742 871 cognitiones
775 807 883 853 boni
917 807 965 853 &
989 806 1087 852 veri
1121 804 1206 851 fint
1235 820 1261 851 a
1282 806 1507 859 Domino,
1541 803 1664 864 apud
1686 801 1881 859 Esaiam,
1917 807 1951 830 “
1975 803 2051 849 Sic
2087 802 2203 857 dixit
2223 802 2446 863 Jehovah,

464 873 590 920 labor
607 874 820 936 AEgypti,
857 873 906 918 &
931 875 1188 923 Mercatura
1212 870 1367 934 Kuschi
1390 870 1444 919 &
1469 870 1723 926 Sabaeorum,
1746 868 1950 915 virorum
1976 868 2213 925 mensurae,
2254 866 2382 932 super
2405 880 2450 916 te

463 939 727 995 transibunt,
761 939 810 984 &
839 935 922 983 tibi
954 948 1101 993 erunt,
1136 935 1238 1000 post
1265 949 1310 983 te
1342 936 1489 993 ibunt,
1525 936 1571 982 in
1595 934 1792 982 vinculis
1824 933 2087 990 transibunt,
2129 934 2178 980 &
2211 934 2266 980 ad
2301 946 2346 981 te
2379 936 2449 980 in·

465 1004 716 1051 curvabunt
754 1002 811 1059 se,
847 1003 903 1049 ad
927 997 986 1052 >te
1018 1003 1237 1056 orabunt;
1278 1001 1594 1048 tantummode
1633 1002 1681 1048 in
1718 1013 1761 1048 te
1781 1000 1925 1056 Deus,
1967 1002 2016 1048 δε
2054 999 2203 1047 nullus
2237 1012 2452 1063 praeterea
2516 1029 2522 1035 ·

466 1071 641 1126 Deus,’'
693 1083 818 1115 xtv:
852 1084 927 1126 14,
974 1066 1054 1113 ubi
1092 1067 1149 1113 de
1185 1067 1361 1114 Divino
1399 1068 1626 1114 Humano
1660 1067 1871 1114 Domini.
1950 1065 2062 1126 Inde
2092 1081 2214 1112 nunc
2253 1064 2452 1115 constare

467 1135 627 1198 potest,
663 1133 776 1196 quid
800 1132 853 1178 fit
876 1132 1080 1187 mercari,
1115 1130 1187 1177 seu
1221 1147 1368 1179 emere
1399 1133 1446 1178 ὅτ.
1473 1132 1681 1188 vendere,
1715 1131 1843 1193 quod
1882 1145 2046 1193 nempe
2075 1146 2352 1192 comparare'
2373 1131 2452 1178 fibi

468 1201 749 1263 cognitiones
789 1198 897 1244 boni
932 1198 982 1244 δε
1004 1197 1117 1253 veri,
1152 1197 1202 1244 &
1239 1213 1318 1260 per
1358 1196 1452 1243 illas
1491 1196 1639 1259 ipsum
1673 1196 1883 1250 bonum;
1919 1194 2047 1258 quod
2075 1194 2163 1241 hoc
2200 1210 2225 1240 a
2245 1195 2455 1243 Domino

468 1265 579 1322 solo,
616 1266 737 1329 apud
760 1264 974 1311 Eundem
999 1262 1294 1326 Prophetam,
1331 1267 1365 1289 “
1386 1263 1499 1309 Heu
1523 1262 1673 1309 omnis
1708 1260 1872 1316 fitienS,
1906 1261 1967 1307 ite
2010 1259 2068 1306 ad
2106 1275 2257 1323 aquas,
2295 1262 2345 1309 &
2381 1261 2455 1308 cui

468 1331 649 1378 nullum
683 1342 941 1393 argentum,
990 1329 1065 1386 ite,
1112 1329 1267 1385 emite,
1302 1329 1351 1375 ὅτ
1388 1328 1540 1383 edite;
1593 1328 1644 1375 &
1679 1327 1756 1384 ite,
1791 1327 1927 1374 emite
1960 1324 2122 1388 absque
2156 1339 2358 1388 argento,
2405 1327 2454 1372 δε

469 1396 632 1459 absque
655 1397 816 1460 pretio,
851 1396 1014 1441 vinum
1039 1397 1087 1441 &
1111 1394 1228 1450 lac,'’
1265 1409 1359 1442 Lv:
1384 1411 1425 1443 1.
1452 1411 1477 1442 2
1502 1416 1517 1449 ·‚
1556 1393 1637 1440 ubi
1665 1408 1812 1441 emere
1842 1408 1926 1455 pro
1961 1407 2217 1455 comparare
2251 1391 2347 1448 fibi,
2385 1394 2455 1438 vi-

468 1478 581 1509 num
606 1478 689 1526 pro
719 1477 828 1508 vero
867 1459 1098 1524 spirituali,
1134 1477 1195 1507 n:
1228 1471 1365 1524 1071'.
1397 1465 1554 1524 17983
1595 1459 1661 1507 lac
1686 1475 1772 1522 pro
1794 1457 1916 1506 bono
1940 1457 2170 1522 spirituali,
2205 1455 2266 1504 n²z
2293 1461 2455 1516 21843

468 1527 654 1591 quisque
679 1527 831 1574 videre
855 1525 1017 1589 potest,
1052 1526 1179 1588 quod
1203 1527 1265 1572 ire
1298 1526 1355 1572 ad
1387 1540 1522 1587 aquas
1545 1541 1636 1571 non
1669 1525 1724 1570 fit
1761 1525 1823 1569 ire
1862 1523 1921 1570 ad
1957 1539 2109 1586 aquaS,
2148 1522 2276 1586 quod
2309 1538 2456 1569 emere

471 1609 563 1640 non
585 1594 637 1640 sit
659 1609 822 1648 emere,
858 1591 984 1654 quod
1009 1602 1247 1652 argentum
1280 1606 1372 1637 non
1405 1590 1458 1635 fit
1481 1602 1737 1652 argentum,
1773 1603 1854 1635 nec
1886 1588 2011 1650 quod
2035 1589 2197 1638 vinum
2229 1588 2278 1634 &
2301 1587 2366 1634 lac
2405 1588 2457 1634 sit

470 1659 632 1705 vinum
670 1659 717 1706 δε
752 1658 836 1713 lac,
873 1655 944 1703 sed
978 1656 1103 1719 quoti
1138 1656 1223 1703 tale
1251 1655 1378 1718 quod
1408 1667 1597 1702 vocatur
1626 1651 1973 1716 correspondens
2008 1654 2053 1705 in
2087 1651 2210 1699 sensu
2244 1655 2454 1708 interno;

471 1724 534 1772 est
557 1725 677 1771 enim
700 1723 907 1770 Verbum
931 1721 1175 1778 Divinum,
1215 1721 1342 1785 cujus
1365 1721 1550 1783 singulis
1571 1719 1777 1775 vocibus,
1812 1734 1918 1781 quae
1940 1733 1965 1764 e
1987 1718 2174 1767 naturali
2199 1718 2374 1765 mundo
2408 1720 2456 1765 &

471 1807 497 1837 e
538 1788 800 1851 sensualibus
839 1788 1036 1835 hominis
1073 1786 1189 1844 sunt,
1225 1786 1466 1851 spiritualia
1499 1789 1548 1834 ὃῑ
1582 1784 1778 1834 coelestia
1798 1785 1968 1834 Divina
1994 1783 2359 1847 correspondent,
2398 1785 2459 1831 ita

472 1872 564 1906 non
588 1855 712 1903 aliter
732 1853 939 1901 Verbum
961 1854 1179 1901 divinitus
1204 1853 1464 1918 inspiratum
1488 1852 1564 1900 est.
1718 1897 1721 1899 ,

540 1922 681 1986 2968.
717 1918 836 1967 Vers
847 1939 858 1967 ε
891 1935 962 1983 17.
994 1923 1065 1974 18·
1116 1921 1177 1969 Et
1209 1920 1388 1981 constitit
1410 1935 1515 1981 ager
1535 1918 1765 1980 Ephronis,
1800 1917 1872 1982 qui
1892 1917 1940 1968 in
1957 1915 2240 1978 Machpelah,
2275 1930 2366 1979 quae
2389 1931 2456 1962 co·

470 2003 565 2034 vam
593 1990 781 2051 Mamrc,
816 2001 918 2048 ager
940 1985 1210 2048 &spelunca
1242 2003 1333 2056 quae
1353 1989 1398 2032 in
1420 1985 1508 2042 illo,
1542 1985 1598 2033 ὃ
1622 1985 1752 2031 omnis
1784 1983 1913 2033 arbor
1950 1999 2042 2048 quae
2068 1985 2113 2029 in
2142 1997 2263 2044 agro,
2300 1997 2392 2043 quae
2413 1982 2459 2027 in

474 2055 583 2100 omni
616 2054 789 2102 termino
829 2054 917 2114 ejus
955 2053 1222 2105 circumcirca
1245 2051 1495 2104 Abrahamo
1532 2053 1579 2098 in
1614 2049 1918 2115 acquisitionem
1934 2083 1951 2106 ,
2002 2048 2062 2095 ad
2103 2047 2237 2095 oculos
2269 2045 2459 2105 filiorum

474 2118 627 2174 Cheth,
663 2120 708 2164 in
730 2119 908 2169 omnium
930 2119 1186 2170 intrantium
1211 2129 1385 2185 portam
1418 2117 1534 2169 urbis
1556 2117 1656 2180 ejus.
1727 2113 1943 2174 Constitit
1964 2129 2069 2176 ager
2090 2112 2335 2176 Ephronis,
2371 2111 2461 2174 sig-

437 2235 440 2238 ,
475 2184 626 2234 nificat
650 2183 776 2246 quod
799 2182 911 2233 illud
936 2182 1179 2236 Ecclefiae:
1216 2184 1296 2247 qui
1320 2185 1366 2229 in
1390 2181 1662 2250 Machpelah
1684 2191 1790 2245 quae
1824 2195 1976 2233 coram
2002 2180 2203 2235 Mamrc,
2238 2177 2461 2240 significat

483 2249 826 2311 regenerationis
864 2248 994 2311 quale
1034 2249 1084 2299 δε
1118 2261 1371 2312 quantum:
1408 2263 1514 2310 ager
1546 2250 1592 2294 &
1633 2246 1842 2315 spelunca
1879 2261 1985 2310 quae
2025 2247 2071 2294 in
2110 2243 2208 2299 illo,
2243 2242 2466 2305 fignificat

475 2315 627 2381 quoad
652 2314 823 2361 bonum
849 2315 897 2360 δε
923 2329 1082 2364 verum
1107 2315 1243 2361 fidei:
1281 2315 1329 2365 &
1353 2311 1504 2361 omnis
1529 2313 1660 2360 arbor
1680 2328 1788 2382 quae
1814 2312 1860 2357 in
1884 2312 2012 2373 agro,
2047 2308 2270 2376 fignificat
2303 2309 2463 2372 cogni-

478 2382 620 2427 tiones
645 2379 859 2429 Ecclefiae
883 2380 1142 2428 interiores:
1180 2395 1285 2447 quae
1324 2382 1370 2427 in
1409 2381 1537 2425 omni
1566 2379 1763 2429 termino
1785 2375 1880 2439 ejus
1903 2376 2209 2431 circumcirca,
2245 2373 2467 2436 fignificat

479 2447 760 2508 cognitiones
784 2446 1048 2492 exteriores:
1086 2446 1350 2492 Abrahamo
1374 2446 1420 2497 in
1453 2443 1808 2507 acquisitionem,
1843 2441 2061 2504 fignificat
2098 2439 2226 2502 quod
2261 2438 2339 2485 soli
2361 2439 2464 2486 Do-

480 2509 608 2556 mino
646 2523 856 2573 accepta:
907 2510 964 2555 ad
1003 2510 1160 2557 oculos
1199 2511 1398 2557 filiorum
1439 2509 1604 2564 Cheth,
1640 2507 1859 2570 fignificat
1896 2504 2142 2552 secundum
2186 2503 2464 2553 intellectum

481 2591 667 2685 filorum:
694 2576 753 2620 'in
792 2575 1003 2624 omniurn
1040 2577 1305 2626 intrantium
1343 2585 1522 2640 portam
1553 2572 1676 2620 urbis
1713 2569 1824 2634 ejus,
1871 2569 2091 2635 fignificat
2124 2567 2276 2630 quoad
2312 2570 2467 2619 omnia

518 2640 754 2686 oCtrinalia.
2198 2662 2203 2666 -
2405 2659 2407 2661 >

479 2708 483 2716 ’
555 2706 696 2768 2969.
734 2702 878 2766 Qod
903 2702 1100 2751 constitit
1120 2719 1226 2770 ager
1242 2703 1488 2765 Ephronis,
1514 2702 1733 2766 significet
1755 2700 1880 2764 quod
1905 2699 2017 2746 illud
2040 2698 2270 2755 Ecclefiae,
2295 2697 2468 2750 constat

488 2770 854 2832 asignificatione
877 2771 988 2830 agri,
1023 2770 1147 2831 quod
1179 2769 1231 2819 fit
1253 2769 1465 2829 Ecclesia,
1500 2781 1599 2816 tum
1636 2768 1852 2824 doeirina,
1888 2766 1944 2813 de
1969 2781 2057 2829 qua
2081 2782 2141 2812 n:
2171 2765 2278 2827 368.
2306 2766 2431 2831 2936
2450 2787 2466 2819 ·‚

484 2837 538 2885 ’ὅτ
564 2852 588 2882 a
611 2834 990 2898 repraesentatione
1014 2835 1259 2898 Ephronis,
1294 2834 1418 2897 quod
1465 2834 1549 2883 sint
1587 2833 1650 2883 illi
1688 2832 1809 2897 apud
1851 2847 1965 2895 quos
2003 2830 2266 2877 bonumx&
2302 2845 2466 2876 verum

491 2901 613 2956 fidei,
650 2915 755 2963 quae
795 2898 895 2947 sunt
931 2900 1163 2957 Ecclefiae,
1197 2901 1333 2962 recipi
1405 2900 1558 2956 offent,
1602 2899 1659 2948 de
1697 2914 1786 2961 qua
1820 2914 1880 2947 n:
1909 2913 2072 2961 2933;
2108 2895 2239 2952 inde,
2268 2894 2467 2943 constitit

489 2981 593 3029 ager
617 2965 861 3028 EphroniS,
896 2964 1115 3028 fignificat
1137 2965 1248 3012 illud
1273 2916 1502 3015 Eccfiefiae.
1623 3011 1626 3013 Α
2178 2983 2180 2986 ·

558 3046 700 3095 2970.
737 3031 836 3089 Qui
860 3032 906 3076 in
930 3031 1201 3094 Machpelah
1223 3046 1328 3094 quae
1352 3046 1503 3077 coram
1532 3031 1724 3086 Mamre,
1759 3029 1884 3093 quod
1910 3027 2127 3092 significet
2167 3027 2465 3090 regeneratio·-

492 3097 560 3144 nis
585 3098 717 3159 quale
740 3096 790 3143 ὅτ
813 3109 1052 3158 quantum,
1089 3096 1257 3145 constat
1279 3113 1305 3143 a
1326 3096 1645 3159 significatione
1664 3096 1938 3158 Machpelae,
1974 3093 2098 3157 quod
2121 3092 2173 3140 sit
2198 3095 2474 3155 regeneratio

490 3169 572 3231 per
593 3177 751 3211 verum
776 3162 902 3230 quod
926 3163 1030 3213 fidei
1050 3184 1065 3223 ,3
1102 3165 1148 3212 &
1175 3179 1199 3210 a
1222 3162 1544 3232 significatione
1568 3163 1768 3220 Mamre,
1801 3160 1929 3228 quod
1952 3160 2004 3210 fit
2026 3158 2156 3223 quale
2181 3160 2228 3207 ὅτ
2247 3170 2468 3229 quantum

2345 3238 2466 3288 ejus:

2844 1046 2858 1139 <Ns-c
2851 1013 2858 1037 n.
2856 931 2857 935 „
