2904 3750
606 230 741 312 384
1114 201 2091 298 GENESJSss

670 360 813 419 3580.
830 388 833 390 <
850 357 914 406 Et
939 357 1283 410 multitudinem
1313 357 1547 418 frumenti,
1583 360 1710 424 quod
1727 359 1949 425 significet
1972 359 2077 407 inde
2102 358 2277 408 bonum
2299 360 2514 419 naturale,
2549 360 2602 410 ὅτ

603 423 737 470 musti
762 425 888 487 quOd
911 425 1133 488 significet
1150 427 1254 473 inde
1277 442 1437 474 verum
1469 427 1682 484 naturale,
1718 427 1891 476 constat
1926 443 1983 475 ex
2021 426 2346 490 significatione
2366 426 2602 487 frumenti,

601 490 727 551 quod
754 490 805 536 s1t
831 491 1023 548 bonum,
1060 493 1108 539 ὅτ
1133 509 1189 539 ex
1209 493 1534 556 significatione
1559 493 1712 551 musti,
1742 493 1870 558 quod
1904 493 1958 541 fit
1980 509 2142 541 verum
2164 516 2178 550 3
2220 510 2326 557 quae
2349 509 2456 542 cum
2482 511 2605 559 prae-

602 556 809 603 dicantur
833 557 890 604 de
914 555 1117 615 naturali,
1143 559 1396 623 significant
1418 560 1496 607 illa
1517 560 1691 608 bonum
1716 561 1766 608 ὅτ
1790 576 1952 608 verum
1977 561 2191 618 naturale,
2227 562 2277 608 ὅτ
2302 573 2412 608 tunc
2434 561 2601 626 praedi-

602 635 760 669 cantur
782 623 838 670 de
863 625 1088 671 Rationali
1113 626 1244 672 Panis
1279 627 1327 673 ὅτ
1350 626 1543 684 Vinum,
1583 628 1717 674 Panis
1739 627 1867 690 quod
1890 627 1944 674 sit
1967 627 2145 674 coeleste
2169 627 2361 684 bonum,
2398 627 2606 676 videatur

603 704 663 735 n:
687 691 794 753 276.
822 691 930 739 680.
964 695 1101 754 1798.
1131 693 1271 754 2165.
1301 708 1443 757 2177.
1473 694 1615 756 3464.
1645 698 1808 758 3478·,
1847 694 1898 742 &
1933 693 2058 757 quod
2083 694 2256 741 Vinum
2284 694 2337 741 fit
2361 693 2604 758 spirituale,

603 756 663 801 ita
686 771 847 803 verum
870 772 935 816 ex⁴
951 756 1088 813 bono,
1126 774 1152 803 n
1175 776 1185 804 :
1214 773 1354 822 1071,
1386 763 1525 823 1798.
1596 760 1744 820 Quod
1767 761 2072 807 Frumentum
2098 761 2148 808 ὅτ
2172 758 2388 812 Mustum
2413 760 2487 808 illa
2511 761 2602 825 fig-

604 821 804 878 nificent,
842 822 1039 869 constare
1078 839 1262 887 quoque
1301 825 1447 888 potest
1482 825 1538 872 ab
1574 824 1643 878 his
1679 825 1791 873 locis
1836 827 1883 873 in
1906 826 2096 882 Verbo;
2149 827 2271 890 apud
2305 827 2599 891 Haggaeum,

602 892 640 914 “
676 888 822 935 Clausi
855 888 955 935 sunt
987 888 1094 936 coeli
1127 905 1153 936 a
1175 905 1290 946 rore,
1326 892 1376 938 ὅτ
1400 903 1513 938 terra
1535 890 1679 939 clausa
1711 890 1830 939 est.'a
1862 904 2087 955 provento
2120 891 2216 950 suo,
2251 892 2301 940 &
2327 895 2486 940 vocavi
2519 893 2603 940 fic-

604 955 784 1000 citatem
811 953 938 1017 super
962 967 1142 1011 terram,
1177 957 1226 1003 ὅτ
1252 956 1381 1019 super
1403 968 1596 1014 montes,
1631 958 1688 1005 -&
1706 958 1840 1020 super
1862 960 2154 1015 Frumentum,
2180 959 2375 1022 &super
2392 960 2599 1017 Mustum,

604 1019 653 1066 &
690 1019 819 1082 super
855 1021 982 1083 quod
1022 1022 1175 1068 educit
1215 1024 1378 1078 terra,’'
1430 1041 1479 1071 1:
1511 1042 1583 1072 10.
1630 1042 1704 1080 11,
1753 1024 1817 1071 ibi
1855 1024 2023 1072 ficcitas
2058 1041 2143 1088 pro
2182 1025 2360 1071 defectu
2397 1028 2600 1074 roris.&

601 1085 790 1148 pluviae,
828 1088 890 1132 ita
930 1103 1015 1150 pro
1051 1085 1231 1134 defectu
1270 1090 1365 1135 veri
1404 1104 1460 1135 ex
1498 1090 1653 1152 aliquo
1685 1089 1841 1146 bono·,
1878 1090 2046 1147 siccitas
2080 1090 2208 1154 super
2228 1088 2513 1138 frumentum
2538 1092 2602 1140 est

604 1151 801 1199 defectus
840 1152 963 1209 boni,
1013 1154 1063 1200 ὅτ
1098 1153 1268 1201 siccitas
1307 1153 1438 1217 super
1478 1155 1679 1202 mustum
1716 1155 1779 1202 est
1819 1154 2022 1203 defectus
2051 1159 2160 1203 veri.
2231 1157 2375 1219 Apud
2415 1157 2600 1216 Mosen,

605 1221 639 1243 ‘⁶
674 1218 914 1266 Habitabit
954 1218 1078 1266 Israel
1118 1218 1282 1277 secure,
1320 1220 1538 1268 solitarius
1575 1221 1629 1267 ad
1670 1219 1843 1268 fontem
1868 1220 2047 1283 jacobi,
2082 1223 2128 1268 in
2161 1230 2280 1273 terra
2307 1222 2603 1283 frumenti&

602 1284 736 1343 musti,
774 1287 821 1331 ὅτ
847 1285 954 1332 coeli
978 1283 1072 1348 ejus
1106 1284 1335 1333 stillabunt
1363 1287 1564 1344 rorem,'’
1605 1289 1758 1336 Deut:
1784 1303 1984 1336 xxxn1:
2013 1292 2071 1336 28
2096 1310 2110 1343 ς
2147 1287 2365 1335 solitarius
2388 1304 2474 1352 pro
2496 1289 2601 1347 illis,

602 1351 681 1412 qui
711 1356 804 1398 non
846 1351 1105 1404 infestantur
1135 1368 1161 1399 a
1195 1353 1325 1401 malis
1361 1355 1409 1401 &
1441 1351 1575 1411 falfis,
1612 1370 1672 1402 n:
1707 1372 1812 1418 139.
1837 1370 1969 1418 4713
2004 1366 2119 1401 terra
2151 1352 2368 1402 frumenti
2392 1355 2441 1402 ὅτ
2466 1355 2602 1403 musti

600 1431 685 1478 pro
709 1418 922 1465 Ecclefiae
948 1418 1070 1466 bono
1093 1420 1143 1467 &
1165 1435 1288 1467 vero.
1359 1420 1507 1483 Apud
1531 1418 1811 1477 Hostheam,
1849 1426 1884 1448 “
1908 1420 2006 1467 Ero
2041 1421 2154 1468 ficut
2194 1436 2267 1469 ros
2302 1419 2464 1479 Israeli,
2499 1438 2603 1485 ger·

601 1485 791 1532 minabit
814 1484 933 1540 sicut
949 1485 1115 1542 lilium,
1151 1486 1200 1533 &
1225 1486 1336 1550 figet
1357 1487 1528 1535 radices
1553 1485 1648 1534 suas
1670 1487 1784 1534 ficut
1805 1487 2016 1535 Libanon
2037 1510 2052 1543 ;
2087 1487 2220 1535 ibunt
2257 1488 2369 1535 rami
2401 1485 2515 1551 ejus,
2548 1489 2600 1537 ὅτ

599 1551 684 1596 erit
707 1550 819 1600 ficut
843 1552 962 1598 oliva
986 1552 1132 1599 honor
1154 1550 1267 1615 ejus,
1303 1552 1354 1599 &
1377 1553 1477 1600 odor
1499 1553 1564 1600 illi
1598 1553 1711 1601 ficut
1736 1554 1903 1601 Libani
1923 1576 1937 1610 3
1974 1565 2255 1602 revertentur
2277 1553 2524 1602 habitantes
2549 1555 2596 1602 in

599 1616 763 1664 umbra
793 1615 904 1680 ejus,
940 1618 1225 1676 vivificabunt
1247 1618 1530 1680 frumentum,
1566 1619 1616 1666 ὅτ
1645 1619 1911 1666 efflorebunt
1949 1619 2062 1667 ficut
2099 1622 2224 1678 vitis,
2261 1621 2481 1671 memoria
2503 1619 2599 1683 ejus

599 1680 711 1730 sicut
733 1686 880 1731 vinum
904 1683 1122 1740 Libani‚’'
1156 1699 1277 1732 xxv:
1306 1685 1349 1730 6.
1378 1699 1421 1748 7.
1451 1689 1497 1740 8,
1532 1685 1612 1730 ubi
1651 1683 1933 1732 frumentum
1974 1701 2060 1749 pro
2095 1685 2219 1732 bono
2257 1685 2491 1750 spirituali,
2526 1687 2597 1733 vi-

598 1755 711 1795 num
736 1766 822 1813 pro
844 1765 951 1796 vero
975 1748 1206 1813 spirituali.
1277 1750 1425 1813 Apud
1449 1749 1642 1807 Esaiam,
1680 1755 1715 1777 “
1738 1751 2007 1798 Maledictio
2030 1751 2241 1798 comedet
2263 1763 2446 1809 terram,
2479 1751 2595 1815 luge-

597 1814 663 1860 bit
685 1816 874 1875 mustum,
911 1815 1143 1879 languebit
1181 1816 1304 1872 vitis,
1340 1827 1526 1879 gement
1566 1832 1725 1864 omnes
1757 1815 1851 1864 laeti
1883 1817 2071 1875 corde,'’
2107 1833 2260 1865 xxw:
2290 1818 2334 1865 6.
2365 1834 2411 1882 7,
2444 1817 2508 1864 ibi
2539 1819 2597 1866 de

597 1881 839 1929 vastatione
877 1881 1092 1929 Ecclefiae
1135 1880 1406 1945 spiritualis3
1458 1882 1634 1946 lugebit
1674 1882 1874 1930 mustum
1915 1898 2002 1946 pro
2039 1883 2167 1946 quod
2207 1882 2383 1930 ceffabit
2415 1898 2592 1932 verum.

595 1947 740 2011 Apud
768 1949 1030 2010 Jeremiam,
1068 1952 1103 1975 “
1131 1948 1345 1996 Redemit
1367 1948 1576 2009 Jehovah
1593 1949 1838 2009 jacobum,
1873 1949 2055 1995 venient
2081 1950 2131 1995 ὅτ
2161 1961 2322 1996 canent
2359 1949 2406 1995 in
2444 1949 2597 1997 altitu-

595 2011 700 2062 dine
722 2015 894 2071 Zionis,
931 2015 980 2061 ὅτ
1003 2015 1231 2062 confluent
1254 2016 1309 2062 ad
1335 2014 1507 2061 bonum
1532 2015 1743 2075 Jehovae,
1779 2014 1840 2063 ad
1851 2015 2125 2063 Frumentum
2148 2014 2199 2062 ὅτ
2221 2015 2281 2063 ad
2300 2014 2506 2075 Adustum,
2543 2015 2595 2064 ὅτ
2623 2068 2625 2070 ,
2688 2015 2714 2049 Ὗ

594 2080 653 2126 ad
689 2081 859 2138 oleum,
912 2082 961 2128 ὅτ
1001 2081 1056 2127 ad
1095 2081 1213 2128 filios
1252 2082 1403 2143 gregis
1443 2082 1493 2128 ὅτ
1532 2081 1774 2138 armenti‚'’
1810 2096 1958 2129 xxm:
1991 2100 2063 2130 11.
2090 2098 2179 2137 123
2224 2079 2509 2130 frumentum
2543 2083 2596 2131 &

594 2146 797 2194 mustum
834 2163 919 2211 pro
955 2147 1076 2194 bono
1110 2148 1161 2195 &
1200 2147 1306 2193 inde
1332 2153 1459 2204 vero,
1495 2146 1649 2195 oleum
1688 2163 1774 2212 pro
1808 2147 1932 2196 bono
1962 2163 2020 2195 ex
2057 2163 2152 2211 quo
2183 2147 2285 2204 illa,
2310 2147 2363 2195 ὅτ
2384 2147 2511 2211 quod
2534 2163 2595 2195 ex

593 2215 699 2272 illis,
736 2214 816 2260 filii
850 2214 1003 2276 gregis
1043 2215 1093 2261 ὅτ
1122 2214 1313 2260 armenti
1347 2228 1434 2277 pro
1465 2227 1573 2261 vero
1609 2214 1737 2278 quod
1776 2213 1836 2262 fic
1869 2213 2009 2270 inde3
2052 2229 2160 2277 quae
2196 2214 2305 2278 quia
2339 2213 2416 2261 illa
2454 2213 2594 2277 figni-

593 2281 746 2338 ficant‚
782 2293 1003 2327 vocantur
1032 2279 1204 2327 bonum
1229 2280 1439 2341 Jehovae.
1510 2280 1660 2344 Apud
1683 2279 1966 2338 Hoscheam,
2002 2285 2036 2307 “
2060 2280 2144 2328 Illa
2165 2295 2258 2328 non
2281 2280 2429 2336 novit,
2463 2279 2592 2342 quod

593 2348 717 2411 Ego-
741 2346 943 2394 dederim
981 2346 1045 2393 illi
1067 2347 1342 2396 Frumentum
1366 2348 1413 2394 ὅτ
1439 2346 1632 2408 Mustum
1662 2347 1712 2394 &
1736 2346 1888 2396 oleum
1910 2369 1926 2403 ·,
1960 2346 2011 2394 ὅτ
2034 2359 2277 2410 argentum
2316 2345 2592 2409 multiplica-

593 2417 739 2461 verim
779 2413 839 2460 &
866 2428 1027 2460 aurum
1060 2413 1188 2476 quod
1217 2411 1422 2460 fecerunt
1459 2413 1590 2472 baali,
1626 2425 1861 2478 propterea
1898 2424 2107 2471 revertar,
2141 2414 2192 2461 &
2227 2412 2445 2477 accipiam
2476 2413 2591 2460 Fru-

593 2491 774 2528 mentum
803 2495 935 2528 meum
957 2480 1006 2526 &
1030 2479 1224 2539 Mustum
1247 2495 1379 2527 meum
1404 2480 1450 2526 in
1472 2491 1680 2544 tempore
1703 2479 1816 2528 stato
1839 2479 1935 2537 suo,
1973 2480 2022 2527 ὅτ
2044 2480 2231 2543 eripiam
2254 2478 2410 2540 lanam!
2435 2492 2589 2524 meam

592 2547 643 2594 &
668 2546 813 2593 linum
847 2546 1054 2601 meum,”
1093 2562 1166 2593 11:
1194 2550 1234 2594 8.
1263 2564 1311 2610 9,
1347 2545 1410 2592 ibi
1433 2546 1490 2593 de
1512 2546 1713 2594 Ecclesia
1734 2545 1970 2611 perversa3
2007 2546 2057 2594 ὅτ
2078 2557 2201 2610 patet
2232 2543 2359 2608 quod
2390 2559 2472 2607 per
2493 2540 2589 2608 fru-⁴

591 2624 803 2663 mentum
843 2627 935 2658 non
971 2610 1247 2673 fignificetur
1278 2610 1582 2668 frumentum,
1618 2629 1701 2660 nec
1732 2612 1934 2659 mustum
1966 2628 2047 2675 per
2074 2611 2296 2666 mustum,
2331 2610 2382 2657 ὅτ
2403 2624 2590 2674 quoque

592 2694 672 2741 per
710 2678 880 2733 oleum,
916 2689 1173 2739 argentum,
1209 2692 1387 2734 aurum,
1424 2677 1570 2724 lanam
1607 2678 1656 2724 ὅτ
1694 2678 1860 2733 linum,
1913 2677 2040 2740 quod
2078 2692 2170 2723 non
2209 2675 2327 2731 talia,
2376 2673 2449 2720 sed
2483 2690 2591 2737 quae

592 2744 831 2806 spiritualia
859 2742 976 2797 sunt,
1012 2741 1098 2788 hoc
1121 2742 1200 2797 est,
1236 2742 1346 2788 boni
1368 2743 1418 2789 ὅτ
1441 2744 1568 2789 veri:
1605 2742 1806 2789 fimiliter
1840 2742 1919 2789 ubi
1957 2743 2108 2805 agitur
2141 2740 2198 2787 de
2229 2741 2368 2788 Nova
2391 2739 2591 2787 Ecclesia

591 2811 715 2873 apud
748 2809 980 2863 Eundem,
1021 2813 1053 2833 ‘⁶
1078 2806 1367 2869 Desponsabo
1403 2819 1448 2854 te
1485 2808 1609 2854 Mihi
1647 2809 1695 2855 in
1735 2808 1843 2864 fide,
1894 2807 1944 2854 &
1984 2805 2224 2869 cognosces
2255 2804 2498 2866 Jehovam,
2536 2807 2586 2866 ὅτ

591 2877 675 2923 erit
698 2875 744 2922 in
766 2875 837 2920 die
861 2873 940 2920 illo
958 2872 1138 2920 audiam
1162 2873 1321 2929 coelos,
1358 2874 1407 2920 ὅτ
1432 2873 1478 2920 hi
1500 2873 1683 2919 audient
1705 2877 1887 2928 terram,
1922 2872 1972 2919 ὅτ
1997 2884 2111 2919 terra
2137 2871 2289 2918 audiet
2311 2872 2585 2918 Frumentum

549 2940 553 2941 ⁷
588 2944 639 2992 ὅτ
666 2941 871 3001 Mustum,
908 2940 957 2986 ὅτ
981 2937 1152 2993 oleum,
1188 2938 1238 2984 ὅτ
1261 2938 1359 2985 haec
1392 2938 1575 2985 audient
1604 2936 1884 2998 Jisreelem,”
1919 2938 1980 2985 ii:
2008 2955 2083 2986 20.
2107 2954 2181 2986 21.
2204 2954 2282 2994 22,
2318 2936 2470 2998 Jisreel
2501 2953 2587 3003 pro

591 3010 730 3056 Nova
752 3005 962 3054 Ecclefia.
1034 3003 1181 3067 Apud
1204 3004 1399 3064 Joelem,
1445 3009 1478 3031 “
1503 3003 1884 3067 Expergiscimini
1921 3003 2032 3050 ebrii
2072 3004 2122 3050 &
2161 3004 2280 3060 flete,
2332 3004 2381 3050 ὅτ
2422 3001 2586 3065 ejulate

587 3090 747 3127 omnes
784 3084 986 3136 potantes
1010 3071 1190 3126 vinum,
1219 3079 1398 3132 propter
1419 3070 1611 3130 Mustum
1649 3071 1776 3133 quod
1797 3068 1995 3118 excisum
2016 3068 2079 3116 est
2102 3085 2158 3116 ex
2190 3085 2266 3116 ore
2288 3068 2464 3116 vestro:
2504 3068 2582 3115 de-

586 3140 781 3188 vastatus
814 3138 876 3186 est
899 3153 1020 3201 ager,
1057 3136 1185 3200 luget
1209 3146 1356 3194 terra,¹
1373 3137 1478 3199 quia
1497 3136 1759 3196 devastatum
1781 3137 1833 3195 est
1855 3138 2144 3192 Frumentum,
2181 3137 2350 3184 exaruit
2372 3138 2584 3193 Mustum,
2672 3153 2678 3159 ·

553 3228 561 3231 r
584 3208 769 3273 languet
794 3205 996 3262 oleum,''
1036 3220 1050 3251 1
1074 3221 1084 3252 :
1115 3219 1157 3270 5.
1190 3220 1262 3253 10.
1322 3202 1469 3270 Apud
1494 3203 1728 3263 Eundem,
1766 3208 1798 3232 ‘⁶
1824 3202 1929 3253 Filii
1953 3203 2111 3252 Zionis
2135 3202 2347 3266 gaudete,
2383 3202 2432 3251 &
2457 3200 2584 3277 lte-tat

1618 3288 1622 3295 ’
2219 3300 2224 3304 ·
2469 3281 2582 3314 mini
