2872 3730
564 258 825 323 CAPU
845 258 905 321 T
927 306 929 309 .
952 248 1520 318 VIGESIMUM
1571 245 2116 339 QUARTUM.
2230 257 2361 341 189

288 381 296 384 ’
365 395 438 445 Ut
459 396 634 452 sciatur,
667 391 907 458 quomodo
941 387 984 436 se
1021 385 1169 443 habet,
1203 385 1331 449 quod
1357 384 1614 450 Spin-itualia
1646 384 1772 433 bono
1809 386 1999 433 naturali
2024 377 2071 434 δὲ
2099 403 2210 435 vero
2232 400 2365 438 natu-

287 494 289 497 .
361 464 441 511 rali
480 463 586 511 inde
621 460 752 525 quod
786 466 951 505 verum
987 454 1188 504 initiatur
1212 452 1350 498 'bono
1387 454 1435 499 in
1468 451 1691 507 rationali,
1737 452 1891 516 paucis
1925 451 2209 509 dicendum;
2255 457 2360 503 uni-

358 532 527 594 cuique-
555 526 731 576 homini
764 523 829 570 est
856 523 1085 568 internum
1126 520 1176 566 &
1212 530 1472 575 externum,
1515 515 1611 580 ejus
1653 518 1884 565 internum
1922 531 2111 566 vocatur
2149 520 2356 569 Internus

358 597 518 651 homo,
552 595 602 641 ὅτ
624 589 718 654 ejus
739 591 973 636 externum
999 580 1229 634 Externus
1263 585 1441 641 horno3
1476 582 1553 632 sed
1589 583 1706 647 quid
1746 583 1956 632 Internus
1991 585 2135 632 homo
2172 586 2222 633 &
2257 587 2355 634 Ex·
2369 630 2382 643 s

357 659 527 717 terffu's‘,
557 651 712 721 paucis
737 654 898 712 notum
922 651 1019 709 est·,
1055 653 1265 700 Internus
1300 651 1444 699 homo
1482 649 1549 698 est
1586 650 1712 698 idern
1746 666 1797 698 ac
1822 651 2072 717 Spiritualis
2105 651 2266 708 horno,
2301 668 2355 700 ac

357 727 586 777 Externus
605 721 668 770 est
692 721 815 769 idern
839 737 889 768 ac
909 718 1138 767 Naturalis
1160 718 1338 774 homo;
1373 716 1623 781 Spiritualis
1662 716 1807 765 homo
1843 716 1908 765 est
1940 719 2024 783 qui
2058 717 2270 782 intelligit
2299 719 2351 766 δε

359 781 469 857 sapit
502 805 563 838 ex
598 787 687 836 illis
723 803 832 851 quae
870 785 973 834 sunt
1008 786 1122 833 lucis
1158 785 1285 842 coeli,
1317 784 1549 832 Naturalis
1586 794 1740 832 autern
1777 799 1835 831 ex
1865 783 1955 831 illis
1986 800 2092 848 quae
2115 783 2217 832 sunt
2242 785 2352 832 lucis

359 856 538 914 mundi,
574 856 632 902 de
668 866 859 918 utraque
890 853 1020 901 Luce
1059 853 1268 901 videatur
1303 868 1364 899 n:
1394 856 1553 915 31383
1590 851 1636 897 in
1676 848 1798 900 coelo
1834 851 1958 898 enirn
1999 867 2092 899 non
2128 850 2230 899 sunt
2269 851 2350 899 nisi

355 938 497 989 quam
518 921 774 986 spiritualia,
810 922 856 967 in
880 919 1056 967 mundo
1078 932 1229 967 autem
1253 933 1345 966 non
1375 917 1456 965 nifi
1477 933 1619 982 quarn
1642 917 1858 965 naturalia
1877 939 1892 973 3
1929 917 2071 966 homo
2092 919 2154 966 ita
2176 931 2352 966 creatus

355 989 454 1048 est,
472 987 785 1053 utspiritualia
803 989 852 1035 &
876 987 1089 1034 naturalia
1111 987 1157 1033 in
1181 985 1276 1043 illo,
1312 984 1400 1033 hoc
1421 983 1503 1042 est,
1538 983 1773 1048 spiritualis
1794 986 1843 1033 &
1863 984 2073 1033 naturalis
2094 982 2190 1050 ejus
2213 985 2357 1031 horno

358 1055 684 1106 concordarent
703 1053 776 1101 seu
801 1069 947 1100 unum
971 1051 1181 1110 facerent,
1217 1052 1293 1100 sed
1316 1064 1426 1099 tunc
1457 1050 1697 1116 spiritualis
1728 1051 1871 1100 homo
1908 1051 2090 1101 deberet
2120 1050 2356 1115 disponere

357 1124 515 1171 omnia
537 1124 583 1169 in
604 1121 808 1177 naturali,
845 1135 896 1167 ac
936 1121 1152 1167 naturalis‘
1183 1118 1385 1175 obedire,
1429 1118 1543 1166 licut
1582 1116 1732 1165 servus
1771 1117 1852 1165 suo
1890 1117 2116 1174 domino3
2160 1117 2235 1165 sed
2274 1132 2356 1181 per

357 1189 534 1253 lapsum
555 1187 784 1235 Naturalis
810 1187 951 1233 homo
975 1187 1112 1249 caepit
1135 1184 1176 1232 se
1197 1185 1406 1232 extollere
1423 1182 1554 1248 supra
1575 1184 1881 1248 Spiritualem,
1916 1185 1977 1232 ita
1999 1184 2182 1232 invertit
2206 1183 2361 1247 ipsum-

360 1255 569 1303 ordinem
590 1254 837 1308 Divinum,
871 1252 1034 1298 exinde
1074 1250 1284 1298 naturalis
1315 1251 1457 1298 homo
1490 1249 1705 1314 separavit
1726 1249 1768 1298 fe
1789 1267 1814 1298 a
1838 1250 2067 1314 spirituali,
2103 1267 2184 1300 nec
2210 1251 2356 1314 magis

363 1320 604 1386 spiritualia
625 1321 682 1376 ei,
716 1334 856 1382 quam
892 1334 999 1382 quae
1039 1319 1202 1365 intrare
1220 1311 1414 1381 'possent
1444 1317 1567 1381 quafi
1598 1332 1679 1382 per
1709 1318 1862 1373 rimas,
1898 1319 1948 1365 &
1969 1318 2075 1365 dare
2095 1316 2359 1366 facultatem

363 1387 667 1451 cogitandi&
693 1385 939 1449 loquendi:
982 1396 1035 1431 ut
1070 1397 1222 1431 autem
1263 1382 1504 1447 spiritualia
1534 1384 1781 1432 influerunt
1818 1384 1983 1431 iterurn
2024 1385 2070 1431 in
2110 1385 2357 1432 naturalem

364 1454 618 1510 hominem,
652 1451 984 1515 regenerandus
1013 1464 1108 1514 erat
1137 1466 1163 1497 a
1182 1451 1406 1509 Domino,
1441 1450 1529 1499 hoc
1551 1450 1632 1508 est,
1666 1451 1843 1499 Verum
1882 1467 1907 1498 e
1947 1451 2132 1498 naturali
2173 1450 2359 1497 homine

364 1520 708 1568 initiandum&
732 1516 1108 1580 conjungendum
1146 1516 1268 1564 bono
1298 1519 1345 1563 in
1384 1517 1588 1564 rationali
1607 1539 1623 1572 ·,
1657 1517 1786 1580 quod
1819 1533 1926 1565 cum
1961 1517 2030 1573 fit,
2066 1517 2255 1564 naturali
2278 1516 2365 1563 ho-

366 1587 482 1634 mini
504 1585 723 1632 accedunt
745 1582 1001 1645 spiritualia,
1038 1582 1188 1628 influit
1224 1582 1348 1628 enim
1386 1594 1498 1629 tunc
1530 1582 1612 1629 lux
1639 1582 1767 1638 coeli,
1801 1598 1852 1629 ac
1875 1582 2060 1630 illustrat
2093 1583 2167 1630 illa
2187 1597 2294 1646 quae
2315 1583 2367 1628 in

366 1650 556 1712 naturali
595 1649 797 1706 homine,
841 1649 892 1695 δε
924 1645 1048 1703 facit,
1091 1658 1144 1693 ut
1181 1663 1288 1710 quae
1324 1647 1406 1704 ibi,
1442 1648 1657 1712 recipiant
1691 1647 1862 1705 lucem,
1909 1647 2028 1696 bona
2064 1647 2130 1695 ibi
2166 1648 2369 1696 calorem

367 1718 500 1774 lucis
534 1715 622 1764 hoc
643 1714 724 1771 est,
758 1729 962 1762 amorem
993 1714 1042 1761 δε
1078 1712 1358 1772 charitatem,
1392 1713 1572 1762 Verum
1608 1725 1760 1762 autem
1794 1713 1941 1762 radios
1981 1714 2113 1772 luciS,
2159 1714 2248 1762 hoc
2282 1713 2368 1771 est,

368 1784 510 1832 fidem
530 1804 546 1839 ς
582 1782 645 1829 ita
665 1781 769 1830 sunt
791 1780 917 1829 bono
940 1780 1130 1829 naturali
1154 1781 1204 1829 &
1224 1797 1336 1830 vero
1357 1780 1548 1828 naturali
1579 1778 1824 1845 spiritualia
1854 1780 1990 1829 inde:
2027 1782 2211 1829 Bonum
2234 1794 2363 1829 natu·

368 1850 458 1900 tale
494 1847 562 1898 est
598 1860 708 1896 tunc
747 1862 884 1895 omne
917 1845 1182 1912 jucundum
1219 1848 1271 1897 δε
1310 1847 1480 1911 volupe
1517 1863 1575 1895 ex
1613 1846 1704 1894 fine
1740 1846 2008 1896 inserviendi
2038 1847 2064 1895 s
2090 1847 2270 1905 irituali,
2304 1848 2374 1894 ita

367 1915 603 1981 proximo,
639 1915 786 1978 magis
809 1914 1111 1978 Reipublicae,
1145 1915 1296 1963 adhuc
1334 1915 1483 1978 magis
1521 1914 1691 1979 Regno
1727 1914 1940 1971 Domini,
1976 1915 2025 1962 δε
2067 1929 2180 1979 uper
2214 1916 2372 1963 omnia

368 1983 612 2037 Domino;
645 1981 696 2028 &
719 1981 895 2028 Verum
918 1981 1120 2029 naturale
1154 1981 1221 2028 est
1257 1996 1395 2030 omne
1426 1980 1676 2030 doetrinale
1700 1982 1749 2030 δι
1773 1979 2070 2029 scientificum
2091 1996 2286 2046 propter*
2311 1980 2366 2028 fi-

371 2065 476 2099 nem
501 2047 713 2113 sapiendi,
748 2047 835 2094 hoc
855 2046 937 2106 est,
972 2046 1164 2095 faciendi
1186 2047 1274 2095 illa.

442 2115 584 2180 3168.
619 2113 685 2161 Et
721 2113 913 2162 ederunt
949 2114 1000 2161 &
1041 2111 1278 2172 biberunt,x
1301 2115 1432 2178 quod
1467 2113 1691 2178 significet
1728 2114 2140 2180 appropriationem
2174 2114 2281 2162 boni
2316 2114 2369 2162 δε

370 2184 468 2230 veri
488 2182 548 2230 fic
570 2180 746 2238 initiati,
781 2176 958 2228 constat
976 2180 1343 2245 a-fignificatione
1366 2178 1512 2238 edere,
1548 2181 1682 2245 quod,
1713 2181 1767 2228 fit
1803 2182 2129 2230 communicari
2170 2183 2218 2229 ὅτ
2258 2198 2368 2229 con-

365 2248 520 2314 Jungi,
556 2249 618 2295 ita
654 2249 947 2311 appropriari,
990 2247 1047 2294 de
1085 2263 1176 2311 qua
1210 2263 1271 2295 n:
1309 2252 1452 2313 2187.
1479 2265 1625 2311 2343,
1675 2247 1804 2311 quod
1850 2249 1955 2311 quia
1995 2248 2269 2312 praedicatur
2313 2249 2371 2294 de

373 2330 504 2379 pane,
537 2315 588 2361 ὅτ
610 2329 693 2376 per
714 2329 879 2376 panem
902 2313 1180 2376 significatur
1201 2313 1395 2370 bonum,
1430 2330 1492 2362 n:
1518 2314 1628 2378 276.
1654 2314 1764 2363 680.
1790 2315 1931 2376 2165.
1960 2330 2102 2377 2177.
2130 2318 2273 2377 2137,
2309 2313 2377 2359 est

373 2379 680 2445 appropriatio
702 2378 815 2426 boni·
832 2394 939 2441 quae
962 2394 1042 2442 per
1063 2378 1192 2425 edere
1215 2379 1529 2441 significatui-3
1564 2379 1617 2426 δι’
1637 2393 1664 2424 a
1684 2379 2009 2441 significatione
2040 2378 2206 2434 bibere,
2240 2379 2370 2442 quod

375 2449 512 2495 etiam
552 2445 606 2492 fit
642 2445 970 2492 communicari
1008 2445 1059 2492 δε
1095 2442 1332 2507 conjungi,
1383 2445 1445 2491 ita
1483 2444 1778 2507 appropriari,
1814 2444 1870 2491 de
1901 2459 1991 2507 qua
2022 2461 2082 2491 n:
2111 2449 2266 2509 3089,
2294 2443 2376 2491 sed'·

375 2514 486 2577 quia
522 2511 794 2575 praedicatur
829 2511 887 2558 de
923 2511 1051 2567 vino,
1087 2512 1138 2557 &
1160 2527 1241 2574 per
1260 2512 1424 2557 vinum
1456 2509 1740 2573 significatur
1754 2525 1932 2566 verum,
1969 2527 2029 2558 n:
2059 2526 2198 2575 1071.
2231 2514 2384 2576 1798„

375 2578 443 2627 est
473 2578 784 2642 appropriatio
803 2576 916 2633 veri,
951 2592 1058 2640 quae
1078 2592 1160 2639 per
1183 2576 1333 2623 bibere
1371 2576 1658 2638 significat-ur.
1728 2575 1826 2640 Ipsa
1848 2592 1915 2623 res
1939 2576 1980 2622 se
2001 2576 2151 2633 habet,
2186 2589 2245 2624 ut
2262 2591 2387 2624 moxi

376 2645 508 2709 supra
528 2659 587 2692 n:
614 2644 761 2708 3167,
795 2643 990 2699 dietum,
1027 2657 1136 2689 cum
1172 2658 1334 2689 verum
1372 2643 1574 2689 initiatur
1613 2641 1752 2698 bono,
1786 2642 1837 2689 δε
1860 2643 2007 2705 magis
2045 2657 2155 2689 curn
2186 2644 2231 2690 ei³
2262 2659 2373 2691 con-

371 2710 603 2776 jungitur,
638 2711 685 2757 in
725 2709 945 2765 rationali,
981 2707 1109 2772 quod
1148 2707 1328 2756 bonum
1362 2709 1412 2756 δε
1450 2723 1613 2756 verum
1647 2707 1883 2773 spiritualis
1920 2708 2137 2766 hominiS,
2173 2709 2261 2758 hoc
2291 2709 2383 2766 est,

377 2776 616 2843 spiritualia
634 2775 981 2840 adproprientur
1008 2774 1209 2822 naturali.

449 2844 606 2908 3¹59<
627 2842 708 2890 Ille
731 2844 781 2890 δε
803 2843 891 2889 viri
912 2842 992 2906 qui
1014 2857 1121 2888 eum
1145 2841 1243 2898 illo,
1277 2838 1407 2904 quod
1446 2841 1703 2903 significent
1738 2858 1844 2904 quae
1877 2841 1923 2888 in
1953 2840 2139 2889 naturali
2171 2841 2383 2900 homine,³

381 2909 553 2958 constat
575 2923 603 2956 a
623 2908 1007 2973 repraesentatione
1029 2908 1157 2965 servi,
1192 2909 1274 2971 qui
1303 2908 1378 2954 hic
1411 2906 1477 2954 est
1503 2907 1593 2964 ille,
1629 2908 1757 2971 quod
1789 2908 1844 2954 fit
1877 2907 2090 2956 naturalis*
2120 2908 2276 2966 homo,
2312 2909 2372 2955 de

380 2991 472 3039 qua
492 2992 553 3023 n:
579 2992 722 3041 3019·
751 2992 910 3039 30203
956 2975 1008 3022 ὅτ
1046 2990 1072 3021 a
1107 2974 1431 3038 significatione
1462 2976 1668 3022 virorum
1708 2976 1793 3039 qui
1825 2989 1934 3022 curn
1969 2974 2067 3031 illo,
2117 2975 2242 3039 quod
2287 2975 2386 3023 sint

384 3043 538 3089 omnia
557 3057 664 3104 quae
686 3043 735 3088 in
755 3041 942 3091 naturali
976 3040 1177 3097 homine,
1211 3041 1271 3088 de
1293 3056 1383 3104 qua
1407 3057 1477 3088 n-:-
1496 3046 1639 3105 3148.
1663 3044 1667 3049 ’

454 3121 599 3169 3170.
630 3107 1052 3171 EtpernoCtarunt,
1087 3107 1215 3170 quod
1234 3107 1456 3171 significet
1487 3123 1645 3171 pacem
1668 3104 1780 3171 ejus,
1816 3106 1987 3154 constat
2008 3123 2035 3153 a
2053 3105 2382 3171 significatione

447 3172 661 3227 moetare,
696 3173 821 3235 quod
843 3173 897 3220 fit
919 3171 1203 3237 requiescere,
1238 3174 1359 3221 &in
1396 3173 1518 3221 sensu
1556 3175 1731 3221 interno
1763 3189 1921 3236 pacem
1958 3173 2131 3221 habere.
2193 3172 2293 3218 ‘Res
2314 3173 2389 3217 ita·

385 3186 608 3296 {habea
635 3249 743 3287 curn
780 3238 1023 3303 spiritualia
1057 3241 1405 3306 appropriantur
1441 3241 1631 3290 naturali
1666 3240 1861 3298 homini,
1896 3253 2005 3289 tunc
2029 3238 2392 3350 τεεεάιιῃῑςιὲτξ·

2201 3317 2309 3366 GUPl
2344 3319 2393 3350 l?-
