2904 3750
638 215 976 283 CAPUT
1022 208 1596 301 VIGESIMUM
1642 210 2142 295 QUINTUM.
2262 234 2394 300 257

392 359 554 409 sciatur
574 359 815 426 quomodo
834 358 922 406 hoc
943 355 987 405 se
1009 355 1158 412 habet,
1194 354 1268 402 sed
1302 355 1424 419 apud
1461 353 1714 408 hominem,
1750 353 1904 415 paucis
1940 354 2220 412 dicendum3
2255 357 2399 404 homo

388 445 490 476 non
521 427 578 476 est
605 427 738 475 aliud
764 441 910 489 ,quam
941 419 1168 486 organum
1202 420 1275 469 seu
1308 437 1388 468 vas
1426 420 1556 484 quod
1596 420 1757 482 recipit
1779 420 1922 465 vitam
1947 436 1973 466 a
1994 422 2218 479 Domino,
2261 438 2318 471 ex
2356 422 2398 471 se

386 495 518 543 ,enim
557 495 702 542 homo
741 508 835 540 non
872 490 1009 547 vivit,
1061 505 1118 536 n:
1147 504 1259 552 290.
1296 504 1439 536 2021.
1478 487 1623 549 2536.
1656 485 1799 550 2706.
1831 503 1971 549 1954.
1999 489 2126 535 2886
2161 490 2219 535 ad
2253 494 2397 555 2889.

396 579 561 625 30013
596 561 707 616 vita,
741 572 849 622 quae
882 555 1033 603 influit
1071 555 1193 618 apud
1229 553 1465 601 hominem
1506 568 1533 599 a
1570 553 1798 608 Domino,
1847 552 1911 599 est
1946 568 2003 599 ex
2039 554 2217 602 Divino
2259 556 2398 619 ipsius

388 622 564 683 amore,
598 625 672 673 hic
696 624 769 671 seu
793 624 888 670 vita
910 622 1032 678 inde,
1068 622 1217 668 influit
1239 621 1289 668 &
1313 619 1355 667 se
1386 619 1583 684 applicat
1607 618 1735 675 vasis,
1770 634 1878 682 quae
1901 619 1947 666 in
1965 620 2189 677 -rationali,
2226 623 2274 668 δε
2292 639 2398 685 quae

389 696 444 743 in
467 691 652 741 naturali
671 690 908 745 hominis·,
943 688 1043 736 haec
1067 688 1169 735 vasa
1191 687 1315 752 apud
1338 688 1573 734 hominem
1599 687 1646 733 in
1671 686 1894 733 contrario
1923 686 2008 733 litu
2036 685 2137 734 sunt
2160 686 2398 751 respective

394 759 452 808 ad
482 759 626 806 vitam
657 755 877 804 eX'malo
915 754 1202 806 haereditario
1241 755 1288 804 in
1330 753 1459 818 quod
1499 753 1693 800 nascitur
1729 753 1889 809 home,
1925 754 1974 803 ὅτ
1999 769 2056 799 ex
2089 753 2212 801 malo
2241 754 2400 801 aetuali

388 825 522 890 quod
546 824 637 888 ipse
670 823 751 870 sibi
775 835 1045 886 comparat3
1078 835 1301 885 quantum
1343 837 1452 868 vero
1491 821 1601 876 vita,
1636 835 1744 883 quae
1781 819 1949 875 influit,
1984 818 2234 883 disponere.
2256 821 2401 884 potest

393 887 505 939 vasa
534 891 594 938 ad
629 888 671 938 se
703 889 1032 953 recipiendum,
1068 901 1248 936 tantum
1288 886 1514 951 disponit:
1553 885 1655 933 vasa
1679 886 1777 932 haec
1810 887 1857 932 in
1884 887 2086 933 rationali
2115 886 2317 944 homine,
2350 888 2399 935 δε

395 959 444 1007 in
473 957 663 1006 naturali
694 955 807 1021 ejus,
843 954 944 1003 sunt
967 956 1039 1002 illa
1070 972 1178 1019 quae
1203 967 1423 1003 vocantur
1444 969 1568 1010 vera,
1603 953 1652 1000 &
1677 954 1723 999 in
1747 952 1790 999 se
1824 969 1916 1000 non
1953 952 2054 1000 sunt
2092 954 2172 1001 nisi
2215 971 2399 1018 percep-

392 1025 539 1073 tiones
561 1024 863 1071 variationum
885 1021 1051 1070 formae
1087 1022 1272 1069 illorum
1297 1019 1524 1076 vasorum,
1558 1035 1610 1066 ac
1635 1021 1942 1066 mutationum
1982 1019 2118 1066 status
2150 1019 2400 1069 secundum

390 1108 508 1155 quas
529 1090 831 1138 diversimode
859 1090 1125 1137 variationes
1163 1087 1376 1144 existunt,
1413 1103 1519 1150 quae
1563 1086 1681 1133 fiunt
1721 1088 1767 1132 in
1806 1085 2097 1134 subtilissimis
2133 1087 2401 1145 substantiis,

396 1158 550 1207 modis
572 1156 987 1220 inexpreffibilibus‚
1025 1172 1082 1203 n:
1111 1160 1275 1219 24873
1313 1153 1462 1217 ipsum
1495 1152 1689 1208 bonum,
1725 1153 1799 1199 cui
1821 1152 1885 1199 est
1907 1154 2000 1200 vita
2021 1170 2046 1200 a
2066 1155 2291 1212 Domino,
2327 1155 2400 1202 seu

396 1225 526 1289 quod
549 1223 614 1271 est
636 1226 748 1279 vita,
772 1223 836 1270 est
850 1222 978 1285 quod
1004 1222 1155 1268 influit
1174 1222 1223 1269 &
1245 1219 1473 1284 disponit:
1511 1235 1620 1267 cum
1643 1221 1792 1282 itaque
1816 1219 1915 1266 vasa
1938 1220 2027 1277 illa,
2063 1237 2169 1284 quae
2193 1222 2404 1269 varianda

397 1291 550 1354 quoad
577 1288 763 1345 formas,
799 1290 846 1335 in
869 1290 1094 1336 contrario
1116 1287 1202 1334 situ
1225 1288 1276 1335 δι
1294 1285 1421 1334 versu
1447 1284 1565 1343 sunt,
1587 1285 1831 1349 respective
1854 1286 1910 1332 ad
1934 1287 2095 1343 vitam,
2131 1300 2182 1335 ut
2205 1288 2402 1346 dietum,

399 1356 599 1404 constare
621 1355 767 1420 potest
789 1354 918 1418 quod
942 1354 1020 1401 illa
1047 1353 1292 1417 redigenda
1315 1352 1400 1401 lint
1422 1354 1467 1399 in
1502 1353 1638 1400 litum
1668 1351 1914 1399 secundum
1939 1354 2101 1410 vitam,
2137 1354 2210 1402 seu
2235 1356 2281 1402 in
2316 1356 2401 1403 ob-

399 1423 607 1487 sequium
630 1423 776 1478 vitae3
812 1422 899 1468 hoc
922 1421 1018 1468 fieri
1043 1436 1329 1484 nequaquam
1361 1419 1525 1484 potest,
1560 1419 1782 1482 quamdiu
1821 1419 1964 1467 homo
2002 1421 2048 1467 in
2082 1421 2161 1468 illo
2185 1421 2297 1469 statu
2319 1421 2401 1479 est,

400 1492 446 1538 in
470 1506 611 1554 quem
634 1494 783 1545 natus,
817 1489 868 1536 &
892 1489 940 1535 in
954 1499 1101 1551 ‘quem
1124 1487 1265 1534 semet
1286 1486 1480 1550 redegit,
1516 1502 1607 1533 non
1637 1488 1762 1532 enim
1793 1485 2029 1544 obediunt,
2065 1489 2171 1551 quia
2195 1488 2297 1535 sunt
2319 1489 2405 1553 obq

399 1558 504 1605 nixe
529 1556 780 1611 resistentia,
814 1555 865 1603 δε
889 1567 1048 1602 contra
1085 1553 1316 1602 coelestem
1351 1553 1580 1609 ordinem,
1615 1551 1865 1599 secundum
1905 1569 2044 1616 quem
2084 1556 2181 1618 agit
2215 1556 2325 1612 vita,
2362 1555 2405 1602 se

399 1622 707 1678 obfirmantia,
742 1621 915 1667 bonum
955 1621 1096 1676 enim,
1131 1619 1259 1682 quod
1297 1630 1455 1665 movet
1486 1618 1577 1673 illa,
1612 1619 1662 1664 δε
1685 1619 1760 1664 cui
1792 1617 2116 1682 obsequuntur,
2152 1621 2216 1668 est
2230 1623 2406 1669 amoris

400 1688 539 1736 sui&
564 1688 746 1742 mundi,
780 1686 867 1733 hoc
901 1701 958 1732 ex
997 1685 1135 1732 craffo
1171 1684 1333 1740 calore,
1370 1686 1449 1747 qui
1474 1683 1600 1740 inest,
1637 1682 1744 1730 facit
1768 1698 1820 1730 ut
1853 1685 1926 1731 illa
1959 1686 2043 1733 sint
2076 1688 2213 1743 talia;
2249 1704 2404 1752 quare,

401 1767 645 1818 antequam
666 1750 924 1815 obsequiosa
957 1751 1071 1807 fieri,
1105 1751 1157 1798 ὅτ
1190 1750 1363 1815 aliquid
1395 1753 1507 1798 vitae
1539 1751 1706 1798 amoris
1727 1751 1922 1798 Domini
1955 1754 2200 1816 recipiendi
2241 1756 2406 1802 idonea

402 1821 485 1869 effe
510 1820 708 1886 possunt,
743 1817 1015 1866 emollienda
1038 1817 1172 1874 sunt3
1209 1817 1430 1865 emollitio
1454 1817 1528 1864 illa
1554 1834 1645 1864 non
1669 1833 1750 1880 per
1782 1817 1866 1865 alia
1886 1819 2035 1866 media
2058 1820 2127 1877 fit,
2163 1836 2301 1885 quam
2328 1838 2408 1886 per

402 1889 699 1942 tentationes,
736 1886 1002 1933 tentationes
1040 1887 1164 1932 enim
1200 1883 1410 1933 auferunt
1444 1884 1519 1932 illa
1540 1901 1648 1949 quae
1672 1883 1773 1931 sunt
1797 1887 1961 1933 amoris
1987 1885 2068 1944 sui,
2104 1888 2154 1935 δε
2176 1905 2282 1953 quse
2307 1890 2409 1936 sunt

403 1965 663 2003 contemtus
693 1952 885 1999 aliorum
916 1967 1015 2015 prae
1047 1950 1106 2007 se,
1141 1952 1461 2016 consequenter
1493 1968 1599 2015 quae
1625 1950 1727 1998 sunt
1749 1950 1810 1998 sui
1834 1953 2013 2016 gloriae,
2050 1967 2151 2003 tum
2177 1972 2282 2019 quse
2307 1955 2410 2003 sunt

403 2020 500 2068 odii
523 2020 573 2067 &
597 2018 814 2065 vindictae
833 2030 1105 2081 eapropter;
1141 2034 1249 2066 cum
1275 2022 1424 2082 itaque
1446 2018 1520 2065 illa
1540 2018 1643 2066 sunt
1663 2018 1945 2082 aliquantum
1976 2033 2223 2084 temperata
2248 2023 2299 2070 δε
2325 2023 2409 2070 do-

407 2087 520 2134 mita
549 2101 629 2149 per
651 2085 935 2140 tentationeS,
973 2096 1085 2131 tunc
1107 2084 1332 2147 incipiunt
1363 2084 1464 2132 vasa
1497 2085 1573 2131 illa
1603 2085 1699 2132 fieri
1731 2085 1951 2142 cedentia,
1989 2089 2037 2135 δι
2063 2087 2410 2138 obsecundantia

405 2155 518 2200 vitae
549 2154 716 2201 amoris
737 2151 949 2207 Domini,
983 2165 1091 2213 quae
1122 2152 1339 2197 continue
1373 2150 1497 2213 apud
1529 2151 1766 2198 hominem
1804 2154 1985 2210 influit3
2022 2155 2128 2203 inde
2162 2172 2285 2204 nunc
2327 2156 2408 2215 est,

405 2220 534 2283 quod
558 2218 753 2274 bonum,
788 2218 942 2282 primo
978 2218 1026 2264 in
1056 2217 1260 2264 rationali
1294 2216 1498 2273 homine,
1534 2215 1697 2264 deinde
1735 2219 1782 2263 in
1819 2222 2026 2277 naturali,
2077 2223 2261 2286 incipiat
2298 2239 2411 2271 con-

404 2284 540 2348 jungi
562 2286 679 2332 veris
702 2284 784 2341 ibi,
820 2299 926 2331 nam
948 2299 1069 2340 vera,
1106 2295 1158 2331 ut
1180 2283 1356 2331 dictum
1379 2282 1460 2339 est,
1493 2299 1585 2330 non
1620 2282 1723 2330 sunt
1760 2283 1884 2331 aliud
1920 2302 2060 2349 quarn
2099 2293 2411 2353 perceptiones

407 2353 710 2398 variationum
750 2349 916 2398 formae
948 2349 1198 2397 secundum
1233 2350 1368 2398 status
1392 2351 1472 2413 qui
1496 2351 1709 2397 continue
1741 2364 1991 2408 mutantur,
2029 2355 2077 2400 ὃ(
2100 2357 2411 2418 perceptiones

408 2416 513 2466 sunt
535 2419 676 2464 avita
697 2432 805 2480 quae
830 2417 1011 2471 influit3
1056 2416 1160 2462 inde
1199 2415 1343 2472 causa,
1387 2415 1513 2479 quod
1553 2415 1696 2462 homo
1733 2432 1813 2479 per
1848 2422 2132 2475 tentationes,
2168 2419 2241 2467 seu
2282 2422 2412 2484 quod

410 2484 553 2540 idem,
591 2499 671 2547 per
701 2498 878 2547 pugnas
908 2481 1154 2546 spirituales
1189 2495 1488 2547 regeneretur,
1523 2481 1611 2529 hoc
1633 2481 1712 2539 est,
1747 2481 1826 2529 fiat
1847 2500 2012 2542 novus,
2047 2486 2097 2532 &
2120 2487 2247 2550 quod
2272 2487 2412 2535 done·

409 2562 488 2603 tur
508 2550 590 2597 alia
611 2549 764 2597 indole
788 2548 955 2612 postea,
991 2565 1157 2612 nempe
1192 2549 1321 2612 quod
1357 2548 1435 2596 fiat
1468 2548 1741 2605 mansuetus,
1775 2548 1991 2608 humilis,
2014 2552 2206 2616 simplex
2228 2554 2277 2602 δι
2302 2571 2413 2602 con·

408 2618 544 2664 tritus
567 2615 732 2663 corde:
767 2631 825 2663 ex
862 2615 929 2663 his
968 2631 1089 2662 nunc
1126 2614 1327 2663 constare
1362 2614 1526 2679 potest,
1560 2631 1702 2679 quem
1733 2615 1865 2663 usum
1896 2617 2108 2681 praestant
2130 2621 2414 2679 tentati0ne3‚

409 2697 578 2746 nempe
601 2681 751 2739 illum,
786 2681 915 2745 quod
948 2680 1122 2729 bonum
1159 2697 1185 2729 a
1212 2682 1422 2730 Domino
1461 2697 1553 2729 non
1589 2681 1733 2731 modo
1771 2683 1955 2731 influere
1994 2687 2144 2748 possit,
2180 2685 2254 2734 sed
2277 2689 2414 2736 etiam

409 2749 647 2813 disponere
678 2748 779 2797 vasa
812 2748 871 2796 ad
910 2747 1237 2805 obedientiam,
1281 2749 1331 2796 δι’
1366 2748 1425 2796 fic
1464 2746 1507 2795 se
1547 2763 1655 2797 cum
1696 2748 1782 2796 illis
1820 2749 2118 2815 conjungere:
2155 2755 2281 2817 quod
2312 2771 2417 2802 vera

412 2815 500 2863 fint
521 2814 621 2862 vasa
655 2816 915 2879 recipientia
949 2813 1076 2874 boni,
1111 2814 1318 2863 videatur
1341 2833 1401 2863 n:
1434 2815 1573 2880 1496.
1599 2820 1735 2880 1832.
1763 2835 1901 2882 1900.
1931 2820 2073 2883 2063.
2101 2821 2239 2869 2261.
2272 2823 2414 2886 2269.

415 2881 516 2929 Hic
552 2882 719 2945 itaque,
755 2883 863 2945 quia
885 2882 1034 2945 agitur
1058 2881 1116 2929 de
1138 2880 1457 2944 conjunctione
1486 2883 1594 2931 boni
1619 2885 1668 2930 &
1694 2884 1787 2930 veri
1820 2886 1865 2931 in
1888 2885 2097 2933 Naturali
2130 2886 2331 2945 homine,
2366 2891 2418 2936 δε

401 2947 621 3011 Δ,Ρι-ἰιῃιιτῐι
658 2946 992 3014 ςοτῄυηὲὶὶοηίε
1013 2947 1179 3011 χσῑκίίὶίῑ
1210 2945 1297 3013 ‘per
1335 2964 1529 3012 pugnas,
1578 2965 1686 3013 quae
1726 2949 1828 2998 sunt
1867 2954 2187 3011 tentationum,
2223 2955 2420 3004 constare

417 3012 580 3075 potest,
613 3015 739 3077 quod
773 3031 872 3078 per,
905 3015 944 3062 is
965 3013 1108 3079 hffus,
1144 3015 1424 3078 significetur
1462 3015 1600 3066 status
1636 3032 1824 3080 pugnae.
1897 3019 2041 3079 Quod
2078 3032 2228 3068 autem
2251 3022 2419 3069 Domi-

419 3092 533 3125 num
556 3081 731 3136 attinet,
766 3081 823 3129 de
845 3096 942 3146 quo
963 3082 1012 3129 in
1035 3080 1249 3146 supremo
1271 3081 1394 3132 sensu
1419 3082 1493 3131 hic
1517 3083 1701 3145 agitur-3
1738 3082 1836 3149 Ipse
1871 3101 1954 3148 per
1993 3102 2170 3149 pugnas
2210 3089 2420 3135 tentatio-

422 3158 536 3190 num
559 3147 854 3206 graviffimas,
888 3147 1066 3211 redegit
1097 3149 1253 3196 omnia
1283 3149 1330 3199 in
1354 3149 1411 3196 Se
1445 3150 1493 3196 in
1532 3149 1740 3198 ordinem
1764 3151 2011 3209 Divinum,
2046 3152 2185 3216 usque
2207 3154 2333 3209 adeo,
2368 3166 2422 3200 ut

423 3206 545 3274 nihil
566 3209 756 3273 usquam
785 3213 1042 3264 remanserit
1071 3230 1130 3265 ex
1164 3214 1369 3266 humano
1397 3215 1527 3330 qligold
1559 3227 1751 3267 traxerat
1775 3233 1800 3266 a
1821 3230 1980 3276 matre,
2016 3235 2076 3268 n:
2109 3236 2253 3280 1444·
2278 3235 2419 3283 1573.

2279 3302 2421 3352 2159.
