2872 3730
510 192 659 275 ‘196
1033 189 2019 258 GENESJS.

521 326 630 374 quae
653 314 782 379 supra
803 330 861 365 n:
889 319 1011 381 2851
1053 316 1173 365 dieta
1211 318 1261 365 &
1297 316 1517 380 explicata
1553 314 1672 374 sunt,
1721 317 1802 365 ubi
1831 315 1922 366 fere
1952 319 2109 368 eadem
2145 320 2295 370 verba.
2365 324 2510 390 Qod

523 380 687 429 Semen
710 382 797 430 sint
818 382 883 430 illi
905 384 986 447 qui
1005 396 1227 431 vocantur
1250 383 1525 447 Spirituales,
1560 384 1623 431 ita
1645 384 1692 431 in
1715 383 1837 431 sensu
1857 385 2089 434 universali
2120 402 2278 436 omnes
2299 389 2382 453 qui
2404 405 2514 438 con-

524 447 715 496 stituunt
751 450 972 512 Regnum
1013 448 1232 512 spirituale
1269 450 1478 506 Domini,
1512 446 1586 497 seu
1616 449 1744 514 quod
1776 450 1917 509 idem,
1955 452 2104 516 ipsum
2135 452 2249 501 illud
2272 455 2513 519 Regnum,

523 515 695 562 constat
730 531 786 562 ex
817 515 1140 579 significatione
1174 515 1367 572 seminis,
1404 515 1530 580 quod
1564 515 1618 563 fit
1639 515 1826 564 charitas
1846 519 1897 566 δι·
1921 517 2051 576 fides,
2086 519 2144 567 de
2166 536 2257 583 qua
2279 537 2340 570 n:
2372 539 2512 585 1025.

530 596 669 645 1447.
699 583 837 632 1610.
861 600 1001 646 1911,
1038 581 1226 644 proinde
1246 582 1309 628 illi
1331 583 1409 646 qui
1434 583 1480 629 in
1504 582 1714 630 charitate
1736 581 1839 631 sunt
1862 599 1943 647 per
1972 585 2130 643 fidem,
2163 588 2244 649 qui
2276 588 2403 651 quod
2427 588 2516 636 fint

522 648 798 710 Spirituales,
849 648 1055 695 videatur
1094 664 1154 695 n:
1184 652 1327 697 2088.
1354 652 1496 708 2184.
1524 664 1667 713 2507.
1691 654 1835 712 2708.
1864 665 2006 714 2715.
2044 669 2208 716 2954;
2259 654 2388 717 quod
2426 654 2514 702 illis

522 713 706 761 charitas
729 715 778 762 ὅτ
803 714 913 761 fides
937 730 993 760 ex
1017 711 1232 777 conjugio
1254 713 1362 761 boni
1386 714 1436 760 ὅτ
1459 714 1555 761 veri
1585 716 1631 761 in
1655 715 1829 762 Divino
1850 716 2077 765 Humano
2097 719 2307 777 Domini,
2343 721 2404 768 ita
2426 720 2513 768 illis

521 780 627 827 inde
651 780 779 837 salus,
814 796 872 827 n:
902 780 1042 828 2661.
1070 781 1211 844 2715.
1241 784 1382 843 2833.
1411 784 1554 843 2834.
1623 780 1678 828 In
1708 780 1906 829 Ecclesia
1927 784 2134 847 Antiqua
2167 797 2259 832 erat
2301 785 2389 834 hoc
2426 802 2512 835 vo·
2543 807 2545 809 ·

519 845 670 892 tivum
696 846 887 902 solenne,
923 846 1091 909 virgini
1130 845 1402 909 desponsatae
1439 861 1547 893 cum
1585 858 1783 909 nuptum
1821 847 1921 904 iret,
1956 865 2140 914 nempe,
2175 850 2245 898 Sis
2284 851 2331 898 in
2369 852 2512 901 millia

520 912 751 973 myriadis,
786 913 836 959 δε
861 911 1095 959 haereditet
1118 912 1265 959 semen
1289 924 1422 960 tuum
1446 925 1625 976 portam
1648 912 1843 960 hostium
1875 913 1954 962 seu
1986 914 2168 964 osorum
2205 928 2428 974 tuorum;
2463 931 2510 966 at

519 976 733 1040 sapientes
757 978 820 1024 ibi
841 993 921 1041 per
944 977 1018 1024 illa
1039 978 1176 1024 verba
1198 977 1505 1042 intelligebant
1534 978 1789 1042 spiritualia,
1824 995 1991 1044 nempe
2013 996 2138 1029 -cum
2178 982 2439 1032 intraverint
2462 986 2511 1033 in

519 1041 787 1106 conjugium
812 1041 920 1090 boni
940 1043 991 1090 ὅτ
1014 1044 1125 1100 veri,
1162 1043 1248 1091 hoc
1272 1043 1352 1100 est,
1388 1060 1496 1091 cum
1519 1046 1782 1107 regenerati,
1815 1047 1945 1109 quod
1980 1058 2089 1096 tunc
2120 1047 2240 1096 bona
2260 1049 2311 1097 δε
2336 1065 2442 1098 vera
2462 1051 2511 1099 in
2538 1107 2541 1110 Ι

518 1109 663 1155 millia
686 1109 914 1171 myriadiS,
950 1107 1037 1155 hoc
1059 1108 1139 1165 est,
1174 1109 1221 1155 in
1256 1109 1530 1156 immensum
1571 1109 1978 1168 fruffificarentur3
2014 1114 2064 1161 &
2084 1115 2212 1177 quod
2247 1115 2435 1164 charitas
2459 1118 2510 1164 &

512 1173 631 1222 fides
655 1174 907 1238 succederet
927 1174 1034 1221 loco
1067 1173 1146 1221 ubi
1180 1174 1305 1237 prius
1338 1174 1513 1222 malum
1537 1175 1587 1222 δε
1609 1173 1798 1223 falsum:
1835 1188 1880 1223 at
1902 1191 2013 1224 vero
2035 1193 2146 1225 cum
2169 1181 2395 1242 Antiquae
2418 1181 2510 1229 Ec-

515 1240 658 1287 clefiae
683 1240 892 1304 sapientia
912 1239 1168 1303 exspiravit,
1205 1254 1315 1287 tunc
1345 1255 1438 1287 non
1472 1239 1669 1305 amplius
1706 1239 1881 1289 sensum
1916 1240 2190 1305 spiritualem
2223 1245 2330 1292 inde
2358 1246 2510 1309 capie-

517 1306 640 1363 bant,
677 1307 752 1355 sed
773 1306 952 1371 prorsus
977 1307 1282 1364 mundanum,
1319 1321 1485 1371 nempe
1507 1306 1632 1370 quod
1654 1306 1884 1370 posteritas
1913 1308 2249 1357 innumerabilis
2282 1310 2425 1368 fieret,
2459 1315 2512 1363 ὅτ

515 1372 591 1419 illa
612 1385 853 1436 occuparet
883 1374 934 1421 ὅτ
953 1372 1236 1421 haereditaret
1257 1384 1422 1420 terram
1452 1373 1694 1436 gentium;
1729 1373 1890 1434 Jacobi
1912 1373 2077 1437 posteri
2108 1391 2205 1440 prae
2233 1376 2415 1442 reliquis
2448 1380 2513 1427 ita

514 1438 590 1485 illa
627 1440 957 1496 intellexerunt,
992 1438 1123 1502 seque
1160 1437 1489 1487 confirmabant
1526 1454 1583 1487 ex
1619 1455 1688 1496 eo,
1725 1440 1854 1503 quod
1892 1457 1986 1488 non
2023 1440 2171 1490 solum
2210 1444 2432 1491 creverint
2461 1446 2510 1493 in

513 1505 806 1560 immensum,
840 1504 915 1552 sed
954 1507 1089 1553 etiam
1128 1504 1491 1553 haereditaverint
1528 1517 1708 1562 terram,
1751 1518 1858 1569 quae
1891 1506 1978 1554 illis
2013 1520 2105 1555 erat
2142 1520 2274 1571 porta
2309 1508 2510 1559 hostium

512 1586 708 1628 eorum;
744 1587 838 1619 non
860 1571 1057 1627 scientes,
1092 1571 1219 1633 quod
1251 1571 1406 1618 omnia
1441 1570 1539 1618 haec
1569 1572 1926 1634 repraesentativa
1963 1573 2116 1630 essent,
2152 1589 2317 1637 nempe
2338 1590 2506 1638 repraeq

505 1635 724 1685 -sentativa
746 1637 900 1700 Regni
929 1635 1121 1684 coelestis
1144 1636 1194 1683 &
1227 1635 1463 1699 spiritualis
1485 1637 1696 1692 Domini,
1732 1637 1782 1684 &
1804 1637 1931 1699 quod
1955 1638 2062 1685 inde
2082 1638 2276 1701 expulsis
2299 1640 2428 1688 malis
2453 1638 2504 1690 δέ

512 1701 631 1750 fallis
670 1702 956 1751 succederent
984 1701 1089 1749 loco
1126 1716 1286 1751 eorum
1315 1701 1490 1749 bonurn
1514 1702 1563 1749 ὅτ
1586 1715 1781 1757 verum3
1817 1701 1946 1765 quod
1982 1702 2232 1752 luculenter
2265 1705 2504 1764 constabit,

511 1769 712 1832 quando,
747 1784 805 1816 ex
837 1769 1008 1815 Divina
1045 1768 1239 1815 Domini
1271 1765 1600 1824 Misericordia,
1634 1767 1992 1830 repraesentativa
2029 1768 2104 1817 illa
2141 1771 2416 1833 aperientur:
2455 1773 2504 1820 in

511 1834 784 1897 particulari,
821 1850 986 1898 nempe
1015 1834 1138 1899 apud
1177 1835 1534 1898 unumquemvis
1572 1833 1825 1891 hominem,
1860 1835 1940 1897 qui
1970 1834 2024 1881 fit
2046 1834 2264 1898 Regnum
2289 1836 2504 1895 Domini,

510 1901 572 1947 ita
592 1917 777 1965 quoque
800 1900 842 1947 se
873 1900 1039 1956 habet;
1075 1903 1112 1948 is
1135 1912 1372 1964 antequam
1397 1899 1510 1947 illud
1534 1899 1604 1956 fit,
1641 1898 1714 1945 seu
1744 1911 2046 1961 regeneratur,
2089 1900 2274 1948 interius
2309 1917 2402 1951 non
2439 1902 2504 1951 est

509 1967 589 2014 nisi
625 1968 801 2015 malurn'
820 1967 871 2014 &
893 1965 1072 2024 falsum,
1106 1969 1240 2013 etiam
1279 1964 1511 2013 infernales
1549 1966 1600 2013 δε
1636 1963 1848 2012 diabolici
1887 1963 2066 2028 spiritus
2104 1978 2331 2031 occupant
2367 1967 2502 2027 illud,

508 2034 636 2096 quod
672 2045 862 2081 vocatur
898 2045 1045 2097 porta,
1081 2032 1138 2079 de
1159 2048 1250 2096 qua
1271 2049 1332 2080 n:
1359 2037 1481 2094 2851
1507 2053 1521 2088 ;
1557 2043 1602 2079 at
1635 2046 1745 2082 cum
1783 2030 1820 2077 is
1851 2030 1907 2078 fit
1939 2046 2135 2095 regnum
2165 2033 2391 2091 Domini,
2413 2035 2502 2089 hoc

486 2098 586 2156 est,
613 2115 731 2147 -cum
755 2111 1053 2163 regeneratur,
1088 2111 1198 2146 tunc
1222 2099 1340 2146 mala
1370 2099 1420 2145 &
1443 2096 1562 2154 falsa,
1597 2096 1668 2145 seu
1708 2096 1836 2159 quod
1875 2097 2017 2154 idem,
2052 2096 2285 2146 infernales
2324 2100 2375 2147 δε
2404 2101 2500 2150 dia-

507 2164 643 2220 bolici
668 2166 844 2229 spiritus
875 2165 980 2212 inde
1015 2165 1319 2228 expelluntur,
1355 2179 1405 2211 ac
1429 2164 1595 2212 intrant
1625 2162 1798 2210 bonum
1822 2163 1873 2210 δε
1895 2178 2074 2220 verum,
2110 2178 2162 2210 ac
2184 2163 2341 2212 locum
2365 2165 2498 2215 illum

505 2231 806 2287 haereditant;
841 2231 1107 2278 conscientia
1146 2230 1253 2277 boni
1293 2231 1342 2278 δε
1376 2231 1472 2278 veri
1510 2242 1620 2276 tunc
1659 2228 1723 2275 ibi
1761 2227 1851 2276 est:
1896 2228 2009 2276 ficut
2043 2230 2089 2275 in
2128 2231 2400 2292 particulari,
2435 2234 2499 2280 ita

504 2313 687 2361 quoque
708 2297 749 2344 se
772 2297 904 2345 habet
926 2297 973 2344 in
997 2296 1248 2346 communi.
1321 2295 1435 2345 Inde
1472 2310 1594 2343 nunc
1631 2305 1773 2358 patet,
1807 2294 1921 2358 quid
1943 2310 2025 2358 per
2046 2294 2124 2342 illa
2144 2295 2282 2344 verba
2302 2297 2350 2344 in
2373 2297 2498 2346 sensu

503 2364 679 2411 interno
709 2363 991 2427 intelligitur,
2479 2398 2481 2400 -

573 2434 715 2493 3188.
750 2430 815 2477 Et
836 2429 1023 2477 surrexit
1043 2427 1268 2484 Rebecca,
1302 2427 1430 2492 quod
1469 2426 1693 2491 significet
1726 2425 1976 2474 affeetionis
1998 2428 2093 2475 veri
2125 2427 2420 2476 elevationem
2444 2430 2496 2479 ὅτ,

503 2496 822 2558 separationem
854 2496 977 2550 inde,
1012 2511 1179 2558 nempe
1217 2494 1511 2542 elevationem
1550 2494 1606 2541 ad
1641 2492 1868 2549 rationale,
1902 2492 1953 2539 ὅτ
1976 2492 2296 2556 separationem
2319 2511 2344 2541 e
2366 2507 2495 2543 natu·

503 2561 601 2617 rali,
636 2561 806 2607 constat
844 2577 901 2607 ex
939 2561 1263 2622 significatione
1301 2560 1495 2622 surgere,
1531 2559 1659 2620 quod
1698 2558 1906 2604 involvat
1942 2557 2257 2615 elevationem,
2309 2558 2366 2605 de
2404 2576 2495 2623 qua

505 2643 561 2673 n:
590 2642 731 2685 2401.
755 2630 894 2688 2785.
919 2641 1060 2687 2912.
1079 2640 1220 2687 2927.
1242 2640 1387 2686 3171,
1424 2626 1473 2670 ὅτ
1496 2625 1602 2684 quia
1623 2622 1935 2677 elevationem,
1969 2622 2105 2668 etiam
2135 2621 2453 2686 separationem
2475 2648 2491 2682 3

505 2694 555 2739 ὅτ
594 2707 651 2737 ex
687 2689 1069 2753 repraesentatione
1108 2690 1347 2744 Rebeccae,
1395 2688 1522 2750 quod
1566 2687 1620 2733 fit
1661 2686 1836 2732 affefflo
1872 2687 1985 2743 veri,
2030 2687 2086 2734 de
2131 2703 2222 2750 qua
2256 2705 2318 2737 n:
2345 2706 2490 2755 3077.

508 2773 670 2822 31793
707 2756 809 2803 inde
844 2767 982 2819 patet,
1018 2754 1147 2817 quod
1185 2753 1372 2801 surrexit
1400 2754 1623 2808 Rebecca,
1671 2751 1893 2813 significet
1931 2751 2179 2801 affeffionis
2215 2755 2310 2801 veri
2327 2756 2491 2820 *eleva-

503 2826 696 2875 tionem,
730 2822 779 2868 &
803 2820 1120 2884 separationem
1145 2836 1169 2866 e
1192 2819 1395 2875 naturali,
1431 2819 1488 2864 de
1511 2833 1602 2881 qua
1624 2817 1829 2863 videatur
1852 2833 1881 2863 n
1902 2834 1914 2864 :
1939 2822 2080 2880 3182.

574 2893 714 2953 3189.
752 2887 816 2934 Et
854 2886 1019 2950 puellae
1056 2884 1169 2948 ejus,
1217 2886 1342 2948 quod
1374 2884 1595 2947 significet
1623 2882 1876 2930 affectiones
1905 2882 2206 2941 inservientes,
2241 2885 2412 2935 constat
2434 2903 2492 2936 ex

502 2954 825 3018 significatione
848 2952 1027 3016 puellae,
1064 2967 1173 2998 cum
1197 2953 1256 2998 ita
1286 2951 1406 2998 dista
1428 2949 1649 3006 Rebecca,
1685 2947 1812 3011 quod
1846 2947 1900 2996 fit
1935 2949 2112 2997 affefflo
2145 2951 2193 2997 in
2232 2966 2321 3013 qua
2359 2954 2491 3003 inno·

502 3021 662 3077 centia,
698 3021 755 3066 de
788 3035 877 3082 qua
898 3035 958 3066 n:
987 3018 1126 3081 3067.
1157 3035 1318 3081 3¹103
1353 3028 1399 3063 at
1434 3031 1542 3063 cum
1581 3017 1643 3062 ita
1671 3014 1886 3061 dicuntur
1916 3031 2022 3078 quae
2043 3015 2302 3064 Rebeccam
2335 3018 2491 3083 seque·-

502 3088 666 3135 bantur
697 3098 750 3133 ut
787 3084 1061 3141 inservirent,
1105 3083 1412 3146 significantur
1450 3080 1703 3129 affeffiones
1743 3079 2038 3130 inservientes.
2107 3082 2392 3146 Unaquaevis
2424 3087 2490 3134 ai-

501 3153 637 3203 fectio
674 3163 854 3216 apparet
890 3151 1003 3199 sicut
1040 3150 1223 3214 aliquod
1259 3149 1464 3214 simplex'
1487 3159 1565 3197 aut
1601 3162 1763 3206 unum,
1797 3158 1843 3196 at
1865 3147 1992 3212 quod
2015 3148 2489 3226 innumerabilia-con-

2337 3228 2492 3280 tineat,
