2904 3750
0 3543 15 3750 &mn-WQ-
0 3422 22 3531 5³¹‘ffl·’·5⁹r1
0 3389 13 3408 Γ
10 3367 11 3370 Α

739 151 1087 233 CAPUT·
1124 119 1691 215 VIGE'SIMUM
1739 155 2160 224 SEXTUM.
2315 181 2446 245 333

444 285 542 335 veri
580 283 844 350 conjunctio
882 284 1066 340 dicitur,
1104 299 1212 330 cum
1249 297 1355 328 vera
1392 281 1602 329 interiora
1622 279 1662 327 se
1686 277 1975 344 conjungunt
1999 283 2111 327 veris
2135 281 2451 336 exterioribus,

447 354 554 418 quae
590 353 692 400 sunt
728 351 990 399 doctrinalia
1027 365 1084 395 ex
1117 347 1236 395 sensu
1279 347 1432 393 literali
1457 348 1626 395 Verbi:
1662 347 1789 410 quod
1824 347 1946 407 apud
1983 347 2087 393 tales
2111 347 2373 412 conjunctio
2397 348 2451 395 fit

447 437 529 486 per
568 436 672 467 vera
709 434 815 483 quae
854 417 953 464 sunt
989 414 1113 471 fidei,
1144 429 1243 460 >non
1279 414 1340 459 ita
1374 429 1454 476 per
1491 414 1608 461 bona
1645 429 1752 477 quae
1788 412 2030 470 charitatis,
2068 413 2196 477 supra
2220 432 2278 461 n:
2309 417 2454 479 3463,

450 487 641 534 dictum.
1134 488 1138 494 '

520 553 662 616 3466.
699 552 943 613 Propterea
966 562 1134 594 nomen
1159 544 1281 592 urbis
1305 543 1622 602 Beerschebah,
1659 545 1786 608 quod
1811 540 2035 609 significet
2070 546 2289 594 doetrinae
2323 548 2457 610 quale

449 620 571 675 inde,
608 616 779 664 constat
819 631 845 661 a
883 613 1207 677 significatione
1247 613 1464 670 nominis,
1498 612 1626 676 quod
1663 612 1717 659 s1t
1755 614 1903 676 quale,
1956 613 2012 660 de
2048 629 2160 676 qua*
2182 629 2293 660 mox
2330 615 2460 677 supra

450 675 511 734 n:
541 684 705 748 3465;
756 697 813 729 ex
851 680 1176 744 fignificatione
1217 679 1357 736 urbis,
1393 680 1520 743 quod
1552 679 1606 726 fit
1635 680 1854 736 doctrina,
1890 679 1948 726 de
1969 695 2062 742 qua
2086 697 2112 725 n
2136 697 2146 726 ε
2172 697 2284 739 402.
2314 697 2458 742 2450.

452 768 593 816 2712.
617 766 759 814 2943.
784 749 943 812 3216;
980 747 1085 794 inde
1109 745 1427 803 Beerschebah,
1462 762 1570 810 quae
1607 747 1654 793 in
1693 747 1851 809 lingua
1890 746 2102 808 originali
2135 745 2354 809 fignificat
2378 763 2490 810 pu-v

448 826 575 865 teum
594 814 850 877 juramenti,
874 816 934 862 ita
957 813 1211 861 doctrinam
1236 814 1332 861 veri
1357 813 1647 869 confirmati3
1683 814 1808 876 quod
1836 812 2136 860 Beerschebah
2162 813 2216 860 fit
2240 813 2462 870 doctrina,

448 877 659 931 videatur
683 899 743 930 n:
772 898 914 946 2723.
937 886 1080 944 2858.
1102 885 1246 948 2859.
1305 880 1452 944 Supra
1490 879 1537 926 in
1558 880 1718 944 Capite
1742 895 1852 937 xxr,
1887 879 2028 927 Vers:
2058 897 2135 943 30.
2163 897 2241 943 31,
2276 879 2464 940 dicitur,

450 956 486 978 “
522 951 648 1015 Qia
681 948 851 1013 septem
882 964 1020 1012 agnas
1049 948 1239 1011 accipies
1274 962 1298 994 e
1336 961 1475 994 manu
1517 962 1634 1004 mea,
1670 943 1907 1011 propterea
1935 946 1990 994 fit
2027 946 2139 994 mihi
2178 949 2223 994 in
2253 946 2462 1008 ¹testimo-·

450 1018 601 1074 nium,
636 1015 765 1080 quod
802 1013 910 1062 fodi
933 1027 1127 1079 puteum
1163 1013 1321 1070 hunc;
1358 1025 1596 1077 propterea
1611 1017 1802 1061 'vocavit
1833 1013 1965 1061 locum
1996 1013 2128 1060 illum
2154 1013 2459 1075 Beerschebah,

449 1085 559 1148 quia
598 1083 660 1130 ibi
681 1083 956 1146 juraverunt
989 1081 1128 1129 ambo
1153 1080 1270 1137 illi‚''
1303 1080 1366 1127 ibi
1398 1095 1481 1144 per
1514 1079 1833 1127 Beerschebam
1866 1079 2202 1142 fignificabatur
2238 1079 2373 1127 status
2411 1082 2462 1128 δε

451 1149 583 1214 quale
606 1149 847 1205 doctrinae,
882 1149 1011 1212 quod
1034 1163 1093 1195 ex
1115 1148 1307 1204 Divino,
1344 1147 1392 1194 δε
1426 1146 1554 1210 quod
1587 1162 1669 1210 per
1704 1146 1831 1194 illam
1865 1145 2160 1211 conjunctim
2196 1147 2245 1194 ὅτ
2269 1147 2378 1210 quia
2401 1147 2464 1195 ibi

451 1218 606 1279 agitur
642 1215 699 1262 de
738 1214 857 1262 illius
896 1214 1115 1262 Ecclefiae
1155 1213 1469 1271 interioribus,
1521 1212 1689 1260 dicitur
1733 1212 1863 1279 quod
1900 1212 2027 1260 locus
2068 1212 2143 1260 ille
2181 1225 2369 1261 vocatus
2408 1213 2464 1262 s1t

453 1281 770 1338 Beerschebah‚
822 1280 898 1328 hic
937 1292 1091 1328 autem
1132 1282 1239 1344 quia
1276 1281 1429 1343 agitur
1461 1279 1520 1326 de
1553 1278 1673 1326 illius
1694 1279 1910 1326 Ecclesrae
1945 1279 2258 1337 exterioribus,
2295 1280 2464 1328 dicitur

454 1348 714 1414 quodurbs
738 1348 799 1395 ita
820 1360 980 1396 vocata
1000 1370 1014 1407 3
1049 1346 1107 1394 de
1130 1347 1417 1394 interioribus
1438 1347 1570 1393 -enim
1599 1346 1873 1409 praedicatur
1897 1345 2051 1403 status,
2085 1349 2166 1410 qui
2189 1346 2467 1411 significatur

453 1410 536 1480 per
562 1415 734 1472 locum,
771 1431 832 1463 n:
860 1408 952 1463 '262
961 1430 1003 1476 5.
1033 1418 1175 1478 2837.
1199 1431 1256 1478 33
1264 1413 1342 1478 56.·
1363 1416 1489 1477 3387
1510 1435 1526 1469 ·‚
1562 1411 1637 1459 sed
1660 1412 1718 1460 de
1740 1413 2034 1461 exterioribus
2057 1413 2331 1476 praedicatur
2353 1413 2464 1462 doc·

450 1484 587 1539 trina,
623 1487 728 1546 q'uae
753 1481 1030 1544 significatur
1052 1496 1133 1544 per
1156 1480 1335 1537 urbem,
1370 1494 1478 1527 nam
1501 1480 1652 1528 omnis
1682 1479 1886 1528 doctrina
1908 1478 2039 1527 suum
2064 1479 2227 1528 statum
2254 1481 2302 1528 &
2328 1479 2462 1529 suum

451 1548 587 1612 quale
609 1548 742 1595 habet
764 1548 820 1594 ab
841 1547 1126 1594 interioribus
1147 1544 1257 1609 ejus.

525 1615 669 1680 3467.
707 1612 866 1676 Usque
898 1612 956 1659 ad
987 1611 1111 1658 diem
1148 1612 1288 1668 hunc,
1323 1611 1449 1676 quod
1490 1610 1715 1675 significet
1753 1611 1891 1661 status
1920 1625 2211 1677 perpetuum,
2247 1612 2419 1662 constat
2441 1629 2468 1661 a

454 1679 781 1746 fignificatione
814 1677 870 1727 ad
896 1678 1022 1726 diem
1044 1678 1183 1735 hunc,
1218 1677 1348 1741 quod
1370 1677 1424 1724 fit
1446 1677 1582 1725 status
1605 1691 1897 1743 perpetuum,
1933 1680 1989 1726 de
2010 1696 2102 1743 qua
2124 1697 2153 1727 n
2175 1698 2186 1728 t
2215 1684 2359 1743 2838.

527 1747 670 1812 3468.
707 1745 832 1794 vers
838 1764 848 1794 :
876 1763 954 1810 34.
981 1762 1006 1810 3
1014 1763 1065 1808 5.,
1115 1746 1180 1793 Et
1206 1745 1305 1808 fuit
1338 1744 1459 1808 Esau
1483 1744 1607 1804 filius
1645 1745 1933 1810 quadraginta
1970 1762 2192 1803 annorum,
2228 1747 2285 1796 &
2308 1748 2471 1810 accepit

458 1815 671 1870 mulierem
692 1813 926 1878 Jehudith,
947 1812 1093 1871 filiam
1116 1812 1241 1860 Beeri
1263 1811 1458 1869 Chittaei‚
1494 1814 1550 1861 (ἀ
1574 1812 1806 1876 Basemath
1815 1812 1959 1872 filiam
1983 1813 2132 1860 Elonis
2154 1814 2347 1862 Chittaei.
2405 1816 2467 1861 Et

448 1881 635 1944 fuerunt
658 1878 902 1926 amaritudo
915 1879 1102 1940 spiritus
1123 1878 1330 1942 Jischako
1363 1878 1418 1928 ἐξ
1442 1878 1653 1928 Rebeccae.
1725 1879 1833 1927 Fuit
1856 1879 1972 1926 Esau
2012 1879 2136 1927 filius
2174 1880 2474 1944 quadraginta

458 1961 703 2002 annorum,
741 1944 960 2007 fignificat
984 1943 1151 1991 statum
1179 1945 1435 1992 tentationis
1457 1946 1611 2009 quoad
1633 1945 1809 1994 bonum
1833 1947 1928 1992 veri
1963 1947 2159 1994 naturale
2180 1965 2189 1993 :
2225 1947 2277 2004 ὅτ
2301 1949 2474 2011 accepit

461 2012 704 2061 mulierem
728 2009 952 2073 Jehudith
989 2009 1132 2057 filiam
1167 2011 1295 2058 Beeri
1333 2011 1538 2067 Chittaei‚
1575 2013 1625 2060 δι
1649 2011 1884 2061 Basemath
1912 2013 2053 2060 filiam
2079 2013 2246 2062 Elonis·
2264 2013 2471 2071 Chinati,

461 2078 685 2143 fignificat
729 2075 1067 2141 adjunffionem
1110 2077 1203 2124 veri
1249 2077 1459 2123 naturalis
1505 2077 1687 2127 aliunde
1722 2095 1864 2142 quam
1903 2096 1960 2127 ex
1997 2079 2093 2145 ipso
2138 2081 2370 2143 genuino:
2421 2081 2471 2128 δε

460 2143 647 2260 ⁴fiuelrunt
669 2143 926 2193 amaritudo
949 2141 1129 2208 spiritus
1144 2140 1360 2206 Jischako
1383 2143 1433 2191 &
1457 2142 1700 2202 Rebeccae,
1735 2145 1956 2208 fignificat
1979 2148 2105 2210 quod
2139 2148 2243 2194 inde
2265 2148 2483 2220 primurn-

498 2228 527 2261 ο
545 2228 611 2260 or.

533 2280 680 2345 3469.
715 2278 826 2327 Fuit
847 2276 966 2327 Esau
1000 2277 1121 2326 filius
1157 2276 1456 2343 quadraginta
1487 2294 1729 2337 annorum,
1764 2278 1892 2343 quod
1928 2279 2152 2344 fignificet
2183 2279 2349 2327 statum
2375 2293 2472 2328 ten-

462 2345 648 2393 tationis
671 2345 823 2409 quoad
855 2345 1032 2392 bonum
1061 2346 1174 2392 veri·
1191 2347 1404 2401 naturale,
1439 2345 1613 2393 constat
1644 2363 1701 2393 ex
1740 2345 2128 2409 repraesentatione
2152 2346 2304 2403 Esavi,
2340 2347 2469 2410 quod

464 2411 520 2459 fit
553 2411 728 2459 bonurn
754 2411 851 2458 veri
874 2411 1090 2468 naturale,
1126 2411 1183 2457 de
1207 2427 1296 2474 qua
1319 2428 1377 2458 n:
1407 2429 1550 2475 3300.
1574 2429 1716 2476 3302.
1737 2429 1860 2476 3322
1884 2434 1898 2468 ;
1934 2428 1990 2459 ex
2014 2412 2339 2475 fignificatione
2363 2429 2474 2476 qua·

466 2478 676 2542 draginta
703 2492 947 2534 annorum,
980 2477 1107 2541 quod
1147 2476 1232 2524 fint
1270 2479 1525 2526 tentationis
1558 2479 1713 2536 status,
1747 2479 1875 2542 quod
1895 2478 2197 2542 quadraginta
2221 2478 2306 2526 sint
2330 2492 2474 2527 tenta-

465 2546 628 2601 tiones,
663 2544 872 2591 videatur
903 2561 964 2591 n:
994 2560 1102 2608 730.
1134 2543 1240 2592 862.
1269 2560 1415 2607 2272,
1452 2545 1502 2591 δε
1525 2544 1652 2608 quod
1687 2546 1792 2592 anni
1822 2545 1909 2592 lint
1946 2543 2099 2601 statuS,
2136 2561 2164 2591 n
2186 2564 2196 2593 :
2218 2551 2330 2608 487.
2358 2550 2470 2606 488.

466 2628 580 2676 493.
610 2615 719 2675 893.
845 2610 938 2657 uod
972 2609 1072 2657 haec
1108 2610 1165 2657 de
1190 2610 1348 2657 Esavo
1369 2611 1631 2658 immediate
1662 2610 1967 2676 adjungantur
2003 2611 2088 2658 illis
2126 2627 2233 2674 quae
2259 2612 2332 2660 *de
2357 2612 2475 2660 Abi-

467 2677 674 2726 melecho
705 2677 754 2725 &
777 2677 823 2737 Ji
844 2675 995 2724 chako
1024 2676 1158 2723 relata
1191 2675 1310 2732 sunt,
1346 2675 1410 2724 est
1433 2678 1540 2740 quia
1561 2677 1714 2725 actum
1746 2676 1808 2725 est
1845 2678 1901 2725 de
1934 2678 2023 2724 illis
2054 2680 2134 2742 qui
2158 2679 2204 2725 in
2234 2677 2358 2727 bono
2381 2682 2476 2726 veri

468 2742 587 2801 sunt,
625 2743 712 2791 hoc
736 2742 817 2799 est,
842 2744 923 2806 qui
947 2744 993 2790 in
1016 2744 1112 2790 vita
1133 2741 1384 2791 secundum
1408 2743 1671 2802 doetrinalia
1692 2760 1748 2791 ex
1771 2743 1893 2791 sensu
1918 2744 2076 2792 literali
2093 2744 2231 2792 Verbi
2256 2746 2475 2802 defututa,

385 2829 389 2832 ·
469 2809 517 2857 hi
556 2811 677 2857 enim
719 2809 956 2874 significati
997 2808 1100 2858 sunt
1138 2825 1220 2873 per
1255 2803 1630 2869 Abimelechum‚
1664 2811 1715 2858 ὅτ
1737 2810 2026 2869 Achusatum
2059 2811 2388 2869 & Phicolem,
2426 2824 2477 2858 ut

471 2875 601 2939 supra
622 2878 778 2940 paffim
803 2875 1016 2931 dictum3
1051 2877 1132 2940 qui
1171 2877 1322 2940 itaque
1359 2877 1407 2923 in
1441 2876 1567 2925 bono
1603 2878 1700 2925 veri
1734 2877 1854 2934 sunt,
1899 2876 1971 2925 seu
2009 2878 2055 2925 in
2094 2880 2190 2926 vita
2228 2878 2476 2926 secundum

381 2994 384 2997 Δ
472 2941 752 2999 doctrinalia,
788 2943 1036 3006 regenerati
1072 2941 1176 2990 sunt
1210 2942 1365 3007 quoad
1402 2944 1627 3002 interiora,
1662 2959 1770 3008 quae
1793 2960 1953 2991 eorum
1989 2945 2218 2992 rationalia
2251 2945 2368 3002 sunt,
2405 2944 2481 2991 sed

473 3008 681 3055 nondum
705 3009 855 3072 quoad
879 3010 1113 3067 exteriora,
1148 3025 1256 3073 quae
1289 3025 1449 3057 eorum
1482 3011 1729 3067 naturalia;
1765 3009 1910 3059 homo
1930 3013 2054 3058 enim
2086 3013 2209 3075 prius
2247 3027 2476 3074 regenera-

376 3124 378 3127 v
472 3083 550 3118 tur
586 3076 740 3135 quoad
781 3074 994 3122 rationale
1027 3090 1168 3140 quam
1202 3077 1354 3140 quoad
1392 3078 1607 3135 naturale,
1657 3094 1719 3124 n:
1750 3077 1891 3140 3286.
1923 3082 2066 3140 3288,
2119 3094 2225 3124 nam
2265 3077 2479 3124 Naturale

472 3139 653 3203 prorsus
677 3139 728 3187 in
761 3140 938 3200 mundo
959 3140 1040 3200 est,
1076 3143 1120 3191 δι
1151 3143 1199 3191 in
1223 3142 1411 3191 naturali
1434 3156 1486 3192 ut
1509 3144 1555 3195 in
1579 3144 1719 3209 plano
1742 3142 1962 3194 fundatur
1981 3143 2181 3192 hominis
2196 3144 2412 3255 cogiltatio
2428 3144 2479 3190 &

535 3226 537 3228 ·
613 3250 617 3251 ff
1275 3238 1278 3240 -
2238 3225 2300 3256 vo
2322 3222 2480 3267 untas;
