2904 3750
630 262 969 333 CAPUT
1017 247 1587 333 v-IGESI'MUM
1638 260 2140 356 QUINTUM.
2262 270 2392 355 2:39

389 401 512 459 inde,
549 403 767 451 contraria
802 393 932 450 veris*
953 398 1284 467 spiritualibus:
1321 398 1423 448 sunt
1446 416 1631 465 quoque
1653 399 1885 447 ratiocinia
1905 414 1960 445 ex
1982 392 2099 446 falfi's
2132 398 2188 447 ab
2210 390 2398 448 infantia

389 468 640 534 impreffis:
690 470 741 519 δι’
778 481 995 534 praeterea
1025 467 1169 523 homo
1209 467 1284 514 illa
1316 482 1423 529 quae
1461 468 1508 515 in
1542 466 1730 516 naturali
1764 465 1843 513 suo
1882 465 2068 512 homine
2106 466 2224 521 sunt,
2272 464 2394 512 sensu

390 534 626 584 manifesto
655 536 794 598 capit,
829 549 923 583 non
955 544 1111 582 autem
1144 533 1208 580 ita
1239 532 1330 590 illa,
1365 549 1471 596 quae
1506 533 1553 581 in
1584 531 1680 595 ejus
1703 531 1949 588 Rationali‚
1985 528 2247 597 priusquam
2283 546 2394 599 exu-

387 614 462 650 tus
485 602 549 649 est
569 616 758 665 corpore
777 622 791 656 ;
828 599 918 648 hoc
941 614 1126 664 quoque
1147 598 1272 657 facit,
1308 599 1434 664 quod
1455 599 1612 647 ,credat
1634 599 1683 646 id
1714 599 1797 646 esse
1820 615 1975 655 omne,
2012 598 2062 647 &
2086 598 2212 662 quod
2237 613 2330 645 non
2350 598 2379 610 '¹

386 666 563 715 sensum
600 666 845 715 naturalem
884 666 1023 724 cadit,
1056 667 1139 714 vix
1162 667 1316 715 credat
1338 665 1422 713 effe
1444 665 1647 730 aliquid:
1682 665 1788 716 talia
1810 667 1860 716 δε
1886 665 2014 728 plura
2045 662 2233 720 faciunt,
2268 678 2362 726 quo
2391 725 2396 730 q

387 733 618 785 Naturalis
635 735 777 781 homo
802 733 953 781 multo
975 733 1110 782 serius
1132 734 1182 783 δε
1212 732 1441 782 difficilius
1463 735 1647 798 recipiat
1670 749 1793 790 vera,
1828 747 1969 796 quam
1992 729 2244 779 Rationalis
2265 729 2393 805 ejus&

386 795 494 848 111Ὴο
515 816 686 864 pugna,
721 815 829 864 quae
852 799 952 847 satis
983 800 1064 850 diu
1095 800 1276 866 perstat,
1313 818 1395 850 nec
1427 801 1560 850 cessat
1587 798 1848 865 priusquam
1878 798 1979 847 vasa
2003 794 2265 862 recipientia
2286 795 2395 844 boni

387 865 435 913 in
457 865 665 915 Naturali
695 867 884 915 homine
923 882 1005 931 per
1036 871 1303 918 tentationes
1341 868 1546 916 emollita
1577 868 1680 930 sint,
1715 880 1768 914 ut
1807 865 1938 930 supra
1977 882 2038 913 n:
2067 880 2214 929 3317,
2247 861 2396 911 osten-

384 931 517 989 sum;
566 950 674 982 nam
708 950 814 982 vera
853 948 947 982 non
982 933 1085 984 sunt
1117 935 1199 983 nifi
1229 951 1372 999 quam
1405 933 1505 982 vasa
1538 934 1794 998 recipientia
1822 933 1950 989 boni,
1987 949 2047 980 n:
2081 950 2139 991 14
2176 932 2219 978 6.
2254 934 2392 994 1832.

391 1003 531 1064 1900.
559 1002 702 1066 2063.
731 1001 874 1053 2261.
902 1002 1047 1068 2269,
1084 1017 1192 1067 quae
1223 1000 1323 1049 vasa
1359 1017 1429 1049 00,
1447 1002 1631 1048 duriora
1660 1000 1778 1055 sunt,
1813 1016 1909 1063 quo
1943 1000 2085 1047 homo
2111 950 2395 1046 ogfirmatior

381 1067 448 1113 est
471 1067 518 1114 in
549 1067 655 1126 illis,
690 1067 749 1116 de
768 1067 936 1132 quibus
959 1068 1173 1126 dictum3
1210 1071 1260 1117 δε
1291 1083 1388 1133 000
1419 1067 1721 1124 obfirmatior,
1757 1083 1813 1115 eo
1843 1068 2027 1130 gravior
2060 1080 2232 1129 pugna,
2269 1064 2302 1110 fi
2326 1080 2393 1131 re-

382 1135 682 1196 generandus.
752 1133 881 1191 Ideo,
931 1139 1041 1199 quia
1078 1137 1140 1184 ita
1175 1135 1216 1183 se
1255 1135 1388 1183 habet
1420 1151 1529 1182 cum
1553 1134 1762 1182 Naturali
1803 1132 2005 1190 homine,
2042 1146 2094 1180 ut
2118 1133 2163 1179 in
2187 1131 2269 1179 illo
2289 1146 2397 1179 vera

383 1198 721 1312 cog-jungantur
736 1201 877 1260 bone,
912 1201 1000 1250 hoc
1018 1202 1095 1251 fiat
1111 1218 1193 1268 per
1208 1218 1386 1267 pugnas
1403 1202 1726 1259 tentationum,
1762 1199 1835 1248 hic
1859 1202 2024 1248 iterum
2048 1199 2232 1256 dicitur,
2266 1197 2396 1262 quod

403 1280 428 1312 a
465 1282 516 1312 us
537 1284 561 1314 e
597 1284 657 1316 0.-

455 1350 481 1396 3
490 1283 599 1397 322g.
635 1334 880 1399 Propterea
905 1337 1101 1384 'vocavit
1140 1351 1310 1384 nomen
1348 1333 1443 1398 ejus
1481 1335 1657 1393 Edom,
1692 1333 1821 1399 quod
1860 1332 2084 1398 significet
2122 1332 2226 1380 inde
2262 1332 2395 1396 quale

383 1396 481 1461 ejus
512 1400 667 1463 quoad
696 1399 872 1448 bonum
907 1403 980 1450 cui
1010 1401 1223 1466 adjuncta
1253 1401 1515 1451 doetrinalia
1537 1403 1650 1458 veri,
1686 1400 1860 1455 constat
1881 1416 1937 1447 ex
1960 1400 2288 1464 fignificatione
2310 1416 2394 1447 vo·

383 1478 486 1513 care
509 1483 695 1525 nomen,
732 1466 804 1515 seu
830 1482 992 1516 vocare
1016 1471 1221 1527 nomine,
1256 1469 1386 1533 quod
1410 1469 1465 1516 fit
1486 1468 1634 1533 quale,
1671 1467 1730 1515 de
1762 1483 1854 1532 qua
1882 1484 1940 1516 n:
1974 1485 2081 1528 144.
2111 1484 2218 1530 145.
2252 1482 2393 1530 1754.

391 1533 530 1595 1896.
557 1550 701 1598 2009.
730 1547 872 1598 2724.
899 1536 1028 1601 3006
1049 1558 1063 1591 ;
1113 1538 1165 1584 ὅτ
1204 1551 1262 1583 ex
1301 1534 1688 1600 repraesentatione
1727 1534 1934 1588 Edomi;
1971 1535 2019 1580 in
2041 1533 2198 1582 Verbo
2236 1534 2396 1597 passim

384 1610 668 1646 memoratur
688 1598 823 1656 Esau,
859 1613 962 1647 tum
1002 1616 1188 1664 quoque
1228 1601 1404 1658 Edom,
1453 1603 1504 1649 &
1544 1617 1624 1665 per
1658 1599 1780 1648 Esau
1812 1601 1876 1648 ibi
1906 1600 2185 1664 significatur
2216 1599 2395 1647 bonum

382 1663 630 1720 NaturaliS,
665 1677 910 1728 antequam
931 1665 997 1712 illi
1022 1683 1187 1731 nempe
1211 1666 1335 1715 bono
1369 1669 1430 1714 ita
1464 1666 1709 1731 conjuncta
1736 1665 1839 1714 sunt
1860 1665 2124 1714 doctrinalia
2144 1666 2258 1723 veri,
2293 1677 2396 1713 tum

383 1747 569 1794 quoque
593 1731 771 1779 bonum
793 1732 904 1780 vitae
927 1748 983 1781 ex
1008 1734 1185 1780 influxu
1209 1750 1233 1781 e
1256 1734 1488 1782 Rationali
1508 1756 1522 1790 3
1558 1734 1615 1783 ὅτ,
1633 1749 1714 1797 per
1736 1733 1979 1781 Edomum
2012 1732 2289 1796 fignificatur
2313 1732 2396 1780 bo-

383 1812 499 1844 num
523 1798 752 1846 Naturalis
787 1798 862 1846 cui
898 1797 1109 1864 adjuncta
1142 1799 1244 1848 sunt
1277 1801 1542 1849 doctrinalia
1563 1802 1696 1856 veri;
1731 1812 1775 1847 at
1799 1801 1846 1847 in
1869 1799 2081 1866 oppofito
2113 1798 2236 1846 sensu
2259 1799 2396 1863 figni-

385 1863 494 1911 ficat
527 1863 643 1911 Esau
685 1863 859 1912 malum
898 1867 1064 1914 amoris
1105 1865 1188 1924 sui,
1223 1880 1468 1932 antequam
1506 1869 1548 1916 ei
1587 1883 1754 1933 nempe
1793 1868 1959 1915 amoris
1990 1865 2057 1914 sui
2098 1867 2158 1913 ita
2187 1865 2399 1930 adjuncta

386 1928 490 1977 sunt
508 1928 627 1986 falsa,
662 1930 712 1978 δε
738 1929 895 1978 Edom
934 1933 1111 1981 malum
1146 1934 1265 1981 illius
1299 1936 1483 1991 amoris,
1521 1951 1630 1982 cum
1654 1935 1695 1982 ei
1728 1933 1803 1981 illa
1832 1931 2045 1997 adjuncta
2083 1932 2217 1990 sunt;
2247 1933 2397 1997 plera-

385 2011 476 2059 que
513 1997 702 2043 nomina
733 1996 779 2043 in
801 1997 959 2046 Verbo
991 2001 1127 2047 etiam
1166 2001 1432 2065 oppositum
1460 2000 1636 2050 sensum
1670 2001 1851 2058 habent,
1888 2012 1941 2048 ut
1964 1999 2125 2065 saepius
2150 1999 2396 2058 ostensum,

383 2079 443 2110 ex
465 2061 610 2119 causa,
645 2062 751 2126 quia
773 2063 932 2111 eadem
957 2077 1063 2128 quae
1102 2064 1288 2114 fuerunt
1307 2067 1428 2115 bona
1450 2069 1500 2116 &
1524 2084 1631 2116 vera
1654 2069 1701 2116 in
1725 2068 1938 2116 Ecclesiis
1962 2066 2155 2115 successu
2179 2070 2398 2131 temporis

384 2130 433 2176 in
459 2129 575 2176 mala
597 2130 647 2177 &
671 2127 776 2177 falsa
808 2146 889 2195 per
921 2131 1264 2180 adulterationes
1295 2135 1435 2180 varias
1472 2134 1830 2198 degenerantur:
1865 2134 1993 2199 quod
2018 2150 2099 2199 per
2119 2133 2320 2182 Esavum
2345 2135 2396 2182 ὅτ

382 2195 629 2244 Edomum
675 2196 749 2244 illa
785 2197 1119 2261 significentur,
1176 2199 1378 2247 constare
1420 2199 1568 2264 potest
1609 2217 1668 2248 ex
1713 2201 1783 2247 his
1818 2202 1959 2257 locis;
2017 2201 2140 2265 apud
2185 2201 2394 2259 Esaiam,

384 2268 420 2289 “
457 2263 578 2328 Qis
613 2262 687 2311 hic
726 2266 807 2325 qui
835 2267 955 2312 venit
991 2283 1040 2313 ex
1062 2266 1217 2323 Edom,
1252 2265 1509 2330 conspersus
1530 2265 1673 2314 vestes
1696 2284 1721 2314 e
1745 2268 1913 2324 Bozm,
1947 2267 2221 2315 honorabilis
2246 2269 2292 2314 in
2316 2285 2395 2316 ve-

382 2327 490 2376 stitu
522 2327 618 2384 suo,
655 2331 866 2377 incedens
889 2332 935 2378 in
962 2332 1256 2380 multitudine
1280 2333 1454 2381 roboris
1475 2332 1572 2390 sui;
1606 2349 1744 2398 quare
1767 2333 2024 2381 rubicundus
2044 2333 2199 2396 quoad
2223 2333 2395 2382 vestem

383 2394 528 2451 suam,
564 2395 614 2441 δε
639 2396 781 2442 vestes
804 2394 899 2460 ejus
932 2397 1046 2445 ficut
1079 2397 1289 2446 calcantis
1326 2402 1374 2446 in
1413 2399 1642 2456 torculari,
1679 2400 1874 2447 torcular
1898 2399 2066 2446 calcavi
2091 2398 2225 2456 solus,
2262 2400 2312 2447 &
2335 2400 2395 2447 de

384 2461 569 2525 populis
605 2461 758 2508 nullus
788 2465 859 2510 vir
900 2480 1101 2521 mecum,
1137 2465 1439 2529 circumspexi
1475 2465 1549 2513 sed
1586 2465 1740 2513 nullus
1763 2465 1998 2524 auxilians,
2033 2466 2082 2513 &
2107 2464 2393 2530 obstupui&

385 2544 525 2575 nemo
553 2526 760 2586 fulciens,
796 2530 845 2577 &
869 2529 1055 2578 salvavit
1086 2548 1162 2579 me
1193 2531 1428 2580 brachium
1459 2533 1668 2589 meum,”
1708 2548 1873 2580 Lxui:
1905 2550 1943 2580 1.
1965 2550 2009 2582 2.
2029 2549 2073 2596 3.
2094 2549 2142 2595 5,
2178 2532 2239 2579 ibi
2264 2533 2393 2596 quod

380 2594 543 2642 'Edom
570 2595 624 2641 fit
648 2596 896 2653 Dominus,
934 2595 1167 2649 manifeste
1190 2598 1360 2647 constat
1380 2622 1396 2661 i
1431 2599 1482 2646 &
1505 2598 1632 2662 quod
1657 2598 1710 2646 sit
1734 2599 1965 2647 Dominus
1987 2599 2139 2662 quoad
2162 2599 2391 2646 Divinum

381 2661 569 2708 'Bonum
594 2662 755 2708 Divini
780 2662 1027 2720 Naturalis,
1066 2676 1204 2728 patet,
1239 2681 1348 2712 nam
1388 2662 1538 2730 agitur
1576 2664 1634 2712 de
1668 2662 1987 2728 conjunctione
2020 2665 2202 2713 boni&
2227 2667 2320 2713 veri
2345 2667 2392 2713 in

377 2727 611 2775 Humano
629 2729 842 2786 Domini,
880 2730 929 2778 δε
954 2729 1010 2778 de
1035 2732 1202 2794 pugnis
1234 2733 1537 2791 tentationum
1569 2747 1650 2796 per
1678 2748 1791 2796 quas
1828 2732 1904 2780 illa
1936 2729 2211 2797 conjunxit3
2247 2732 2392 2780 vestes

381 2793 445 2841 ibi
468 2795 595 2858 quod
620 2794 706 2842 fint
731 2810 835 2843 vera
868 2787 1076 2845 naturalis
1110 2800 1328 2857 hominis,
1376 2795 1450 2847 seu
1489 2815 1595 2846 vera
1639 2797 1850 2846 inferiora
1890 2799 2147 2863 respective,
2184 2800 2392 2848 videatur

380 2875 443 2908 n:
472 2862 617 2926 2576,
653 2862 703 2909 ὅτ
727 2862 1006 2912 rubicundus
1030 2866 1158 2928 quod
1184 2866 1237 2913 iit
1260 2865 1436 2914 bonum
1461 2865 1686 2923 naturalis,
1723 2883 1781 2915 n:
1809 2883 1832 2930 3
1841 2883 1972 2930 3003
2007 2866 2134 2929 quod
2157 2867 2391 2914 Dominus

381 2928 564 2991 propria
602 2929 804 2991 potentia
837 2946 918 2993 per
948 2947 1125 2995 pugnas
1160 2934 1463 2982 tentationum
1498 2949 1605 2991 vera
1631 2933 1694 2980 ibi
1729 2931 2016 2996 conjunxerit
2048 2933 2189 2990 bon0,
2226 2934 2390 2982 descri-

383 2990 506 3039 bitur
545 3011 623 3057 per
658 2995 782 3058 quod
817 2999 1013 3045 torcular
1047 2999 1235 3047 caleavit
1259 2999 1394 3057 solus,
1430 3002 1477 3047 &
1504 3001 1561 3048 de
1584 2999 1769 3064 populis
1792 2999 1944 3048 nullus
1968 3001 2040 3046 vir
2063 3017 2266 3057 mecum,
2302 3002 2387 3047 cir-

384 3059 615 3121 cumspexi
635 3060 707 3107 sed
734 3062 886 3110 nullus
907 3066 1141 3123 auxilians,
1177 3066 1389 3131 obstupui
1413 3067 1462 3115 δε
1487 3083 1625 3114 nemo
1660 3066 1864 3124 fulciens,
1899 3068 1949 3115 &
1975 3065 2160 3115 salvavit
2183 3067 2267 3114 Me
2289 3067 2389 3114 bra-

384 3123 541 3170 chium
584 3143 752 3184 meum,
806 3129 1039 3180 brachium
1074 3133 1204 3197 quod
1237 3133 1292 3181 sit
1327 3136 1546 3198 potentia,
1596 3152 1657 3182 n:
1687 3138 1796 3197 878.
1867 3134 1922 3181 In
1960 3133 2106 3181 Libro
2143 3133 2389 3196 Judicum‘,

382 3193 420 3215 ‘⁶
454 3189 680 3252 jehu-sah,
716 3210 823 3243 cum
856 3199 1026 3259 exivzsti
1051 3216 1074 3248 e
1097 3202 1205 3258 δεῖν,
1240 3216 1351 3248 cum
1381 3199 1554 3265 egrqffics
1587 3218 1629 3249 es
1658 3218 1706 3249 et<
1736 3217 1841 3265 agro
1864 3200 2034 3259 Edomi‚
2070 3213 2186 3249 terra
2208 3210 2387 3246 contre-

1381 3268 1423 3315 K
1450 3268 1485 3314 k
1523 3285 1549 3317 2
2248 3265 2386 3322 muit,
