2904 3750
570 247 913 315 CAPUT
959 246 1532 313 VIGESIMUM
1584 214 2119 311 SEPTIMUM.
2224 249 2351 331 383

292 405 296 410 -
347 376 420 426 seu
453 376 630 426 bonum
660 375 885 425 charitatis
907 373 1035 423 dabit
1055 382 1238 430 verum,
1273 387 1347 421 ros
1377 385 1517 437 quern
1541 373 1651 421 coeli
1681 369 1871 430 dabunt,
1906 370 2008 418 sunt
2040 372 2127 421 illa.
2198 375 2347 438 Apud

346 440 641 510 Haggaeum,
678 448 712 472 ‘⁸
736 444 931 505 Propter
965 441 1164 488 domum
1203 454 1372 495 meam,
1408 451 1515 503 quae
1553 438 1618 486 est
1640 437 1839 498 vastata,
1881 436 2012 500 super
2050 439 2180 486 vobis
2220 442 2349 499 claust

331 512 442 575 sunt
475 511 563 560 caeli
594 527 623 559 a
645 525 758 566 rore,
792 510 843 556 &
867 520 980 555 terra
1003 502 1148 559 clausa
1169 503 1235 552 est
1266 521 1292 552 a
1314 503 1542 568 provento
1574 504 1704 562 suo,”
1741 521 1758 551 1
1781 523 1791 552 :
1813 523 1858 570 9.
1893 522 1968 560 10,
2005 505 2231 552 coelorum
2273 523 2344 555 ros

343 579 393 626 &
431 591 562 627 terrae
597 560 884 640 proventuS,
911 574 993 636 qui
1031 571 1230 628 inhibiti,
1283 582 1369 636 pro
1413 570 1648 619 similibus.
1719 571 1867 635 Apud
1907 571 2156 627 Davidem,
2214 577 2246 598 “
2270 573 2347 620 Ex

345 657 477 692 utero
512 637 687 691 aurorae
722 640 806 687 tibi
829 641 921 687 Ros
952 640 1206 686 nativitatis
1238 639 1375 696 tuae,”
1418 637 1600 686 Psalm:
1627 649 1686 685 cx
1710 657 1721 687 :
1741 655 1786 702 3.
1809 657 1860 700 4,
1907 638 1965 685 de
2002 638 2226 695 Domino,
2274 649 2347 686 'ros

340 710 581 758 nativitatis
614 723 700 772 pro
736 704 910 754 coelesti
941 706 1121 754 amoris.
1194 703 1343 767 Apud
1365 704 1549 763 Mosen,
1586 710 1621 732 “
1646 705 1891 752 Benedista
1929 720 1954 751 a
1988 704 2195 766 Jehovah
2231 717 2347 753 terra

340 775 437 841 eJus
459 776 516 823 de
537 773 740 840 pretiosis
763 771 888 830 coeli,
924 771 974 820 de
1001 788 1113 830 rore,
1148 770 1206 819 de
1228 771 1379 835 abyffo
1401 772 1540 820 etiarn
1575 769 1745 834 iacente
1769 770 1932 828 infra,’'
1967 772 2094 819 Deut
2113 790 2122 816 t
2142 784 2307 818 xxx111
2332 790 2343 820 :

347 861 424 906 13,
457 841 517 889 de
540 840 773 905 Josepho;
808 837 999 903 pretiosa
1019 837 1129 886 coeli
1163 837 1266 886 sunt
1288 838 1546 902 spiritualia,
1582 849 1612 885 n
1632 857 1643 887 ε
1666 839 1811 902 3166,
1836 853 1943 902 quae
1968 836 2069 885 sunt
2091 854 2180 895 ros,
2216 837 2344 902 abys-

340 907 411 956 sus
436 906 589 972 jacens
627 905 745 955 infra
777 905 879 954 sunt·
910 905 1138 954 naturalia.
1209 904 1355 969 Apud
1396 905 1631 962 Eundem,
1669 910 1706 932 ‘⁶
1729 900 1971 952 Habitavit
2011 904 2139 952 Israel
2175 903 2341 962 secure,

340 973 558 1024 solitarius
593 973 648 1022 ad
673 971 851 1022 fontem
873 972 1051 1035 Jacobi,
1087 973 1134 1019 in
1166 981 1284 1020 terra
1314 969 1535 1019 frumenti
1567 971 1617 1019 δε
1643 970 1797 1028 musti,
1832 973 1968 1019 etiarn
1993 972 2094 1019 Caeli
2115 971 2344 1031 stillabant

337 1043 524 1099 rorem,'’
559 1041 716 1090 Deut:
738 1055 905 1097 xxxxix
928 1043 1040 1097 228,
1075 1038 1140 1086 ibi
1160 1039 1295 1087 etiam
1321 1054 1393 1086 ros
1415 1049 1555 1102 quern
1579 1038 1799 1086 stillabant
1822 1038 1947 1095 coeli,
1984 1055 2070 1102 pro
2105 1038 2343 1102 spirituali-

341 1107 427 1155 bus
462 1123 570 1172 quae
610 1107 712 1155 sunt
734 1107 844 1153 veri.
914 1105 1016 1154 Ros
1050 1106 1097 1152 in
1135 1107 1336 1169 genuino
1369 1103 1493 1153 sensu
1528 1104 1593 1152 est
1627 1104 1734 1153 boni
1766 1120 1930 1152 verum
1970 1105 2097 1169 quod
2132 1114 2190 1151 ex
2216 1105 2342 1154 statu

338 1175 611 1223 innocentiae
649 1174 700 1221 ὅτ
735 1173 875 1237 pacis,
920 1181 1004 1236 per
1042 1187 1174 1219 mane
1212 1172 1336 1220 enim
1370 1171 1444 1219 seu
1483 1187 1708 1229 auroram,
1759 1171 1947 1235 quando
1985 1187 2058 1219 ros
2098 1171 2342 1230 descendit,

340 1238 648 1305 significantur
671 1238 738 1287 illi
760 1238 915 1296 status,
940 1254 1002 1286 n:
1024 1254 1048 1288 2
1058 1254 1082 1302 3
1091 1256 1115 1302 3
1124 1255 1166 1301 3.
1193 1252 1338 1302 2405.
1365 1254 1510 1301 2540.
1539 1255 1564 1287 2
1607 1242 1703 1295 80;
1741 1238 1846 1287 inde
1869 1239 2007 1285 etiam
2033 1254 2212 1296 manna,
2236 1255 2345 1302 quae

340 1324 365 1355 e
400 1305 540 1364 coelo,
574 1318 668 1354 erat
697 1321 805 1353 cum
828 1319 928 1352 rore
960 1306 1044 1368 qui
1076 1306 1303 1352 matutino
1325 1316 1533 1368 tempore
1588 1304 1867 1361 escendebat,
1902 1317 1955 1352 ut
1977 1304 2176 1353 constare
2198 1305 2345 1369 potest

341 1372 463 1438 apud
489 1372 671 1430 Mosen,
709 1376 743 1400 “
767 1372 822 1420 In
855 1373 1066 1419 matutino
1089 1371 1188 1433 fult
1202 1371 1355 1434 posttio
1386 1374 1498 1419 roris
1527 1371 1647 1419 circa
1667 1371 1819 1428 castra,
1855 1371 1904 1418 ἃ*
1930 1387 2037 1419 cum
2076 1371 2203 1419 defiit
2233 1375 2345 1420 roris

334 1440 504 1502 positio,
528 1455 631 1487 ecce
655 1438 788 1502 super
810 1436 1008 1485 faciebus
1032 1436 1190 1485 deserti
1214 1437 1457 1486 contusum
1481 1438 1751 1495 rotundum,
1787 1438 2024 1486 contusum
2050 1438 2162 1486 licut
2185 1442 2346 1502 pruina

342 1506 474 1569 super
495 1504 661 1563 terra,’'
695 1505 835 1554 Exod
856 1523 866 1552 ε
886 1519 972 1551 Χνῐ
994 1522 1006 1553 :
1032 1523 1103 1568 13.
1136 1521 1225 1565 14:
1283 1505 1487 1567 Quando
1519 1504 1724 1568 descendit
1747 1507 1838 1552 Ros
1862 1506 1994 1567 super
2017 1505 2153 1565 castra
2189 1507 2343 1563 moestu,

344 1571 575 1620 descendit
609 1587 716 1619 man
751 1571 881 1634 super
903 1572 1009 1626 e0,'’
1043 1572 1174 1618 Num
1195 1589 1206 1618 ε
1227 1586 1278 1617 :u
1301 1588 1312 1618 ε
1333 1589 1382 1635 9,
1419 1571 1598 1618 Manna
1631 1572 1741 1633 quia
1770 1582 1862 1618 erat
1898 1572 2023 1634 panis
2051 1572 2262 1629 coz-lestis,
2300 1574 2344 1619 in

342 1637 556 1702 supremo
591 1636 718 1686 sensu
755 1635 1035 1699 significabat
1070 1636 1332 1683 Dominum
1373 1635 1525 1699 quoad
1560 1637 1788 1684 Divinum
1825 1638 2026 1693 Bonum,
2082 1637 2187 1686 inde
2224 1639 2347 1702 apud

339 1703 547 1752 homines
585 1701 766 1752 coeleste
804 1702 989 1758 amoris,
1025 1717 1133 1749 nam
1170 1701 1257 1749 hoc
1290 1718 1317 1749 a
1348 1702 1528 1750 Divino
1546 1703 1760 1759 Domini,
1793 1720 1833 1750 -n
1862 1721 1872 1751 ι
1900 1704 2008 1767 276.
2049 1703 2158 1752 680.
2203 1710 2344 1770 1798.

346 1771 490 1834 2165.
519 1787 664 1836 2177.
693 1769 837 1834 3464.
867 1773 992 1834 3478
1014 1791 1031 1826 ·‚
1068 1769 1169 1818 Ros
1202 1770 1249 1816 in
1273 1784 1368 1832 quo
1401 1769 1452 1816 &
1476 1784 1583 1816 cum
1607 1785 1704 1833 quo
1730 1769 1904 1816 Manna
1934 1769 2227 1818 descendebat
2262 1787 2348 1836 pro

340 1837 518 1885 Divino
539 1838 665 1885 Vero
687 1838 734 1884 in
757 1835 971 1899 supremo
994 1834 1136 1893 sensu,
1170 1835 1222 1884 δε
1243 1851 1329 1899 pro
1352 1833 1570 1898 spirituali
1602 1852 1715 1895 vero
1744 1836 1867 1900 apud
1902 1836 2108 1884 homines
2143 1840 2189 1884 in
2228 1838 2349 1885 sensu

343 1902 625 1967 respeffivw,
662 1903 941 1950 matutinum
965 1913 1149 1966 tempus
1183 1901 1248 1949 est
1279 1902 1417 1950 status
1440 1898 1564 1966 pacis
1598 1904 1644 1950 in
1668 1919 1763 1966 quo
1799 1903 1872 1950 illa
1910 1903 2043 1960 bona,
2080 1921 2109 1950 n
2130 1923 2141 1951 :
2162 1922 2239 1970 92.
2269 1924 2346 1970 93.

350 1970 489 2035 1726.
523 1973 667 2034 2780.
704 1984 846 2033 3¹70·
917 1968 1043 2028 Quia
1082 1969 1182 2016 Ros
1218 1967 1441 2032 fignificat
1462 1969 1641 2017 Verum
1681 1969 1808 2034 quod
1851 1986 1876 2017 a
1906 1971 2054 2027 Bono,
2111 1970 2184 2018 seu
2222 1972 2349 2035 quod

344 2036 469 2083 idern
495 2033 717 2100 spirituale
740 2034 869 2098 quod
902 2049 929 2081 a
950 2033 1142 2090 coelesti,
1181 2034 1286 2081 ideo
1316 2051 1503 2098 quoque
1525 2051 1688 2083 verum
1723 2036 1948 2100 spirituale
1981 2038 2027 2083 in
2051 2037 2209 2084 Verbo
2242 2054 2350 2085 com-

276 2154 285 2162 ,
337 2113 531 2165 paratur
554 2102 662 2159 rori,
698 2117 803 2148 nam
827 2117 933 2166 quae
957 2100 1214 2165 significant
1235 2099 1373 2147 etiam
1397 2103 1724 2164 comparationi
1747 2100 1948 2165 ejusdem
1983 2105 2046 2150 rei
2071 2103 2349 2161 inserviunt3

343 2182 398 2217 ut
431 2168 553 2234 apud
578 2166 773 2225 Esaiam,
813 2174 846 2196 “
871 2169 946 2214 Sic
979 2168 1096 2214 dixit
1119 2166 1327 2228 Jehovah
1356 2166 1411 2214 ad
1436 2183 1528 2224 me,
1564 2166 1790 2231 quiescam
1822 2171 1876 2217 ἃ.
1904 2169 2113 2232 spectabo
2146 2172 2191 2218 in
2227 2171 2349 2219 habi-

344 2236 498 2284 taculo
522 2251 644 2292 meo,
679 2234 792 2283 ficut
827 2234 950 2282 calor
982 2233 1155 2281 serenus
1188 2231 1319 2297 super
1341 2233 1456 2290 luce,
1481 2233 1601 2294 ficut
1629 2234 1755 2282 nubes
1777 2235 1911 2282 Roris
1942 2244 2050 2283 cum
2089 2230 2201 2284 calet
2236 2238 2351 2285 mes-

342 2302 450 2359 fis,”
485 2318 616 2348 xvm
637 2321 648 2349 :
668 2320 714 2363 4.
764 2301 910 2366 Apud
936 2299 1216 2357 Hoscheam,
1256 2305 1290 2327 “
1314 2300 1447 2359 Quid
1481 2299 1645 2348 faciam
1678 2301 1762 2348 tibi
1785 2300 2025 2364 Ephraim,
2049 2303 2160 2366 quid
2186 2302 2346 2351 faciam

344 2368 428 2418 tibi
451 2366 678 2429 Jehudah‚
714 2366 822 2430 quia
854 2366 1055 2414 sanCtitas
1093 2365 1240 2414 vestra
1278 2366 1391 2414 sicut
1423 2367 1550 2414 nubes
1579 2383 1766 2424 aarorae,
1806 2367 1856 2415 δε
1875 2368 1992 2426 ficut
2025 2384 2094 2415 ros
2125 2381 2246 2416 mane
2276 2386 2348 2416 ca·

340 2435 489 2491 dens,''
527 2450 587 2482 VI
613 2453 622 2482 :
644 2452 690 2494 4.
727 2434 857 2497 Cap:
879 2449 979 2480 Χιιι
1001 2451 1011 2480 :
1037 2450 1079 2496 3.
1129 2432 1276 2498 Apud
1296 2433 1531 2491 Eundem,
1567 2438 1603 2461 “
1627 2435 1720 2482 Ero·
1725 2434 1843 2494 ficut
1867 2436 1957 2482 Ros
1970 2435 2137 2498 Israeli,
2175 2438 2344 2483 vermi-

343 2500 468 2549 nabit
499 2500 613 2548 ficut
635 2500 799 2557 lilium,
835 2501 885 2548 δε
923 2500 1034 2562 figet
1068 2500 1236 2547 radices
1268 2499 1380 2547 ficut
1403 2498 1665 2558 Libanon,'’
1699 2511 1817 2548 xrv:
1841 2502 1884 2548 6.
1945 2501 2093 2565 Apud
2119 2476 2347 2560 fflcham,

342 2573 377 2595 “
411 2568 563 2615 Erunt
599 2566 802 2630 reliquiae
839 2567 1000 2628 Jacobi
1039 2567 1086 2612 in
1127 2566 1283 2622 medio
1319 2567 1602 2631 populorum
1639 2567 1911 2625 multorum,
1931 2569 2049 2628 sicut
2072 2569 2163 2616 Ros
2193 2585 2218 2616 a
2239 2582 2348 2617 cum

342 2633 567 2696 Jehovah,
617 2632 730 2680 ficut
767 2646 916 2696 guttae
951 2631 1081 2695 super
1119 2632 1304 2690 herba,'’
1337 2644 1404 2681 v:
1429 2633 1473 2680 6.
1527 2632 1676 2698 Apud
1701 2634 1949 2692 Davidem,
1985 2639 2021 2662 “
2043 2635 2170 2682 Sicut
2193 2636 2346 2683 oleum

340 2701 515 2748 bonum
562 2694 694 2764 super
729 2702 892 2764 capite,
938 2698 1063 2762 quod
1102 2697 1343 2749 descendit,
1369 2698 1501 2764 super
1535 2715 1587 2747 os
1624 2698 1820 2748 vestium
1854 2701 2098 2762 Aharonis,
2118 2700 2236 2762 ficut
2261 2700 2350 2751 Ros

342 2767 582 2815 Chermonis
614 2766 696 2830 qui
719 2765 960 2822 descendit,
970 2766 1098 2829 super
1121 2777 1278 2813 monte
1301 2766 1477 2823 Zionis,
1512 2767 1619 2830 quia
1648 2767 1710 2814 ibi
1744 2770 1963 2832 praecepit
1984 2769 2193 2830 Jehovah
2216 2769 2349 2817 bene·

343 2833 590 2880 dictionem
630 2835 742 2880 vitae
776 2832 914 2896 usque
953 2835 1001 2880 in
1041 2831 1310 2889 saeculum,'’
1345 2832 1525 2882 Psalm:
1556 2849 1790 2881 cxxxm:
1821 2852 1862 2883 2.
1891 2853 1934 2899 3.
1995 2835 2141 2898 Apud
2167 2836 2348 2894 Mosen,

346 2903 381 2927 “
415 2899 599 2946 Defluet
638 2899 752 2946 sicut
791 2900 947 2962 pluvia
978 2899 1183 2947 doctrina
1224 2915 1343 2957 mea,
1360 2899 1549 2960 stillabit
1569 2900 1688 2960 stcut
1712 2903 1803 2948 Ros
1839 2902 2013 2950 verbum
2054 2919 2201 2959 meum,
2241 2903 2350 2951 ficut

344 2963 475 3011 stillae
513 2964 644 3028 super
680 2981 886 3029 gramen,
934 2967 980 3012 &
1025 2966 1138 3028 ficut
1176 2977 1324 3029 guttae
1365 2966 1497 3030 super
1533 2966 1771 3023 herbam,”
1805 2969 2160 3017 Deut:xxx11:
2190 2986 2234 3025 2,
2288 2970 2349 3016 ibi

346 3045 420 3079 ros
445 3044 527 3092 pro
551 3031 927 3094 multiplicatione
951 3034 1047 3079 veri
1071 3048 1129 3080 ex
1154 3032 1294 3090 bono,
1330 3033 1380 3081 ὅτ.
1403 3048 1490 3097 pro
1521 3031 1867 3081 fructificatione
1908 3035 2017 3082 boni
2052 3049 2133 3098 per
2152 3051 2313 3082 verum
2336 3058 2350 3091 3

346 3097 397 3143 &
435 3097 543 3159 quia
581 3112 653 3143 ros
691 3095 754 3143 est
789 3100 870 3160 qui
905 3099 1070 3162 quovis
1110 3115 1242 3147 mane
1287 3097 1484 3147 fertilem
1523 3098 1630 3148 facit
1669 3116 1832 3164 agrum
1872 3102 1922 3149 δε
1959 3103 2158 3157 vineam,
2203 3102 2351 3164 ipsum

346 3161 522 3237 bonum
559 3161 609 3209 ὅτ,
647 3176 806 3210 verum
839 3161 1150 3227 significantur
1187 3181 1268 3230 per
1304 3166 1617 3215 Frumentum
1649 3168 1698 3215 &
1722 3167 1954 3224 Mustum,
1989 3168 2047 3215 de
2081 3166 2248 3230 quibus
2288 3167 2350 3214 se-

346 3238 518 3292 quuun

2219 3306 2359 3365 3580.
