2872 3730
566 275 909 341 CAPUT
954 231 1542 340 vloEslMuM'
1573 271 2122 351 QUARTUM.
2258 289 2390 363 ης

385 408 579 467 brachia,
613 400 755 474 pedes
773 430 790 465 ;
909 403 1005 463 ,illis
1042 414 1185 468 patet,
1218 402 1348 465 quod
1369 398 1563 451 Domini
1586 381 1806 466 Regnum
1841 401 2020 450 coeleste
2052 406 2113 451 ita
2141 409 2386 469 repraesen-·

384 489 532 525 tatum
551 475 623 533 fit,
658 477 707 523 in
727 423 1045 538 quoffiiv‘inus
1076 484 1206 517 amor
1228 468 1331 516 sunt
1354 469 1520 525 lumbi,
1555 482 1718 527 aurum
1743 467 1898 531 uphafi
1929 484 2023 532 quo
2045 472 2177 518 cincti
2201 473 2263 519 est
2296 475 2381 523 bo-

354 594 356 597 ,
382 559 499 591 num
528 541 755 607 sapientiae
776 538 905 603 quod
924 553 983 585 ex
1005 552 1175 594 amore,
1210 552 1271 584 n:
1305 551 1410 599 113.
1435 551 1574 598 1551.
1599 551 1738 598 1552.
1799 534 2218 594 Nebuchadnezari,
2253 543 2376 603 apud

350 602 353 605 ’
378 604 637 663 Danielem,
674 610 709 635 “
731 605 904 653 Statuae
924 613 1067 668 caput-
1080 615 1172 651 erat
1195 617 1357 651 aurum
1380 601 1558 662 bonum
1578 623 1592 658 ;
1628 601 1792 649 Petrus
1814 600 1877 648 est
1894 601 2078 648 Brachia
2099 601 2195 664 ejus
2218 621 2376 667 argen-

380 687 518 730 tum3
552 668 725 720 Venter
761 673 813 720 δε
836 662 1015 721 Femoru
1053 667 1148 735 ejus
1180 685 1276 725 aes3
1311 669 1455 727 Pedes
1484 684 1540 716 ex
1571 680 1696 732 parte
1717 666 1908 724 ferrum,
1942 683 2000 715 ex
2021 681 2148 731 parte
2171 671 2382 733 argilla,’'

382 746 459 789 1'1:
486 756 561 804 32.
589 756 683 803 33³
731 743 813 803 per
847 737 1040 787 statuam
1081 736 1204 784 illam
1235 737 1387 784 Status
1405 735 1624 783 Ecclefiae
1658 733 1885 781 succeffivi
1925 734 2222 798 repraesentati
2255 735 2377 796 sunt,

351 800 357 807 ’
378 807 462 870 per
482 806 637 870 Caput
653 804 802 869 “quod
837 818 1001 852 aurum
1039 804 1216 868 primus
1236 802 1411 858 status,
1446 802 1527 865 qui
1548 798 1636 849 fuit
1657 799 1851 848 coelestis
1875 803 1984 863 quia
2003 803 2169 848 amoris
2204 803 2249 848 in
2274 804 2374 851 Do-

378 873 560 921 minum
579 893 594 928 3
631 888 712 936 per
731 871 890 938 pectus
912 870 1163 919 &brachia
1183 885 1292 933 quae
1311 880 1568 932 argentum,
1604 866 1825 914 secundus
1846 865 1998 924 status,
2033 869 2119 931 qui
2138 867 2225 915 fuit
2248 869 2378 933 spiri·
2454 882 2461 893 ·

375 934 510 987 t'ua'lis
530 938 638 1002 quia
656 938 877 986 charitatis
897 953 1006 1002 erga
1027 936 1292 1002 proximum
1315 957 1330 991 ς
1366 950 1448 1000 per
1469 945 1677 981 ventrem
1702 934 1752 981 &
1775 931 1948 981 femora
1972 926 2078 997 q‘uae
2102 950 2184 991 aes,
2218 938 2380 983 tertius

292 1033 298 1038 »
376 1003 532 1062 statuS,
567 1006 648 1068 qui
684 1003 773 1053 fuit
806 1004 916 1052 boni
946 1003 1172 1060 naturalis,
1205 1001 1333 1067 quod
1370 1001 1435 1050 est
1470 1016 1533 1048 aes
1558 1017 1586 1047 n
1607 1017 1756 1063 :¹425.
1776 1016 1930 1062 1551,
1966 1000 2138 1048 bonum
2177 1004 2375 1050 naturale

375 1070 442 1119 est
462 1072 627 1119 amoris
651 1070 723 1118 seu
747 1070 973 1119 charitatis
994 1086 1101 1134 erga
1121 1069 1389 1134 proximum
1412 1069 1459 1115 in
1475 1066 1631 1131 gradu
1652 1066 1766 1130 infra
1803 1065 1979 1113 bonum
2004 1067 2257 1130 spirituale3
2293 1086 2383 1133 per

374 1138 514 1201 pedes
535 1139 617 1203 qui
639 1132 811 1186 ferrum
834 1139 884 1185 δε
906 1137 1078 1202 argilla,
1113 1131 1298 1200 quartus
1338 1134 1475 1182 status
1513 1135 1594 1196 qui
1630 1130 1722 1180 fuit
1754 1133 1850 1179 veri
1890 1134 2114 1190 naturalis,
2150 1135 2277 1198 quod
2308 1136 2373 1182 est

374 1202 566 1260 serrum,
602 1221 633 1250 n
653 1222 664 1252 :
687 1220 801 1266 425.
825 1204 943 1263 426,
977 1205 1027 1251 ὅτ
1082 1217 1236 1266 uoque
1260 1197 1428 1248 nullius
1449 1199 1738 1247 cohaerentiae
1761 1214 1871 1246 cum
1893 1198 2031 1256 bono,
2066 1201 2194 1265 quod
2217 1201 2280 1248 est
2303 1219 2372 1249 ar-

376 1269 513 1335 gilla:
549 1283 607 1317 ex
628 1269 698 1316 his
720 1269 919 1317 constare
940 1218 1105 1334 poteil,
1139 1267 1252 1331 quid
1292 1283 1373 1331 per
1405 1265 1580 1314 femora
1611 1266 1661 1312 &
1700 1264 1883 1313 lumbos
1915 1265 2209 1330 significatur,
2245 1271 2393 1332 quod,

376 1349 543 1400 nempe
577 1351 712 1384 amor
747 1333 1017 1400 conjugialis
1048 1333 1371 1399 principaliter,
1404 1333 1456 1382 δε
1487 1332 1593 1380 inde
1627 1333 1776 1379 omnis
1809 1347 1938 1380 amor
1965 1335 2208 1396 genuinus,
2229 1343 2293 1382 ‘ut
2316 1351 2377 1383 ex

375 1402 583 1450 adduffis
619 1402 729 1450 locis
761 1413 902 1467 patet,
936 1402 989 1452 δε
1011 1417 1198 1466 quoque
1234 1416 1292 1448 ex
1312 1399 1492 1449 Genes:
1515 1413 1696 1456 xxxxi:
1724 1399 1800 1448 26.
1828 1416 1907 1463 32.
1932 1416 2007 1463 33.
2045 1399 2179 1447 Esai:
2205 1416 2298 1449 xx:
2327 1419 2376 1451 2,

379 1484 422 1534 3.
449 1487 493 1529 4.
531 1468 751 1517 Nahum:
778 1469 840 1518 ii:
869 1486 912 1518 2.
949 1468 1412 1528 Psalm:1.x1x:24.
1449 1465 1619 1514 Exodt
1644 1480 1754 1514 xu:
1786 1483 1858 1514 11.
1893 1466 2026 1514 Luc:
2053 1481 2158 1515 xii:
2184 1483 2261 1531 35.
2284 1469 2414 1531 362.

310 1534 320 1538 ”
373 1536 508 1581 etiam
534 1536 581 1581 in
611 1534 825 1597 oppofito
856 1532 980 1580 sensu
1012 1533 1180 1581 amoris
1215 1533 1303 1580 illis
1340 1532 1567 1588 contrarii,
1603 1547 1767 1595 nempe
1787 1530 1853 1580 sui
1886 1531 1936 1579 ὅτ
1962 1532 2143 1590 mundi,
2185 1551 2204 1582 1
2234 1534 2341 1597 Reg
2359 1553 2376 1582 ε

373 1600 432 1647 ii:
461 1616 504 1662 5.
534 1600 576 1646 6.
603 1594 760 1648 ‘Esai:
784 1613 959 1646 xxxix:
990 1615 1064 1648 10.
1096 1616 1170 1647 11.
1218 1598 1557 1659 Jeremzxxx:
1585 1597 1631 1644 6.
1657 1597 1804 1661 Cap:
1831 1612 1996 1665 x⁴LV111
2018 1618 2029 1646 :
2055 1615 2115 1662 37
2137 1617 2153 1646 ε.
2184 1599 2371 1648 Ezech:

369 1680 520 1721 xxm:
550 1682 591 1731 7.
628 1662 807 1713 Amos:
832 1679 967 1713 vm:
1002 1681 1074 1714 10.
1153 1670 1162 1675 “
1208 1687 1213 1689 -

428 1738 584 1796 3022.
619 1725 758 1780 Vei-s:
788 1750 832 1796 3.
857 1748 904 1794 4.
956 1732 1022 1780 Et
1053 1731 1262 1796 adjurabo
1296 1740 1345 1778 te·
1376 1729 1660 1794 inJehovam
1683 1730 1827 1777 Deum
1857 1729 1945 1777 caeli
1978 1729 2034 1779 &5
2066 1732 2206 1780 Deum
2229 1711 2379 1790 terrae',
2427 1775 2430 1777 .
2498 1771 2501 1773 .

371 1800 482 1864 quod
499 1803 502 1806 ’
517 1815 598 1846 non
636 1801 822 1862 accipias
858 1798 1070 1846 mulierem
1094 1796 1195 1858 filio
1230 1813 1317 1846 meo
1351 1811 1374 1844 e
1398 1796 1580 1857 filiabus
1603 1797 1874 1853 Canaanitae,
1909 1798 2028 1860 cujus
2066 1814 2137 1860 ego
2160 1798 2307 1845 habito
2330 1802 2377 1846 in

372 1866 502 1912 medio
520 1884 535 1912 .·
573 1865 653 1912 Sed
670 1866 732 1912 ad
750 1876 912 1913 terram
932 1867 1096 1922 meam,'
1118 1864 1177 1914 &⁸
1198 1865 1260 1912 ad
1278 1867 1560 1913 nativitatem
1598 1878 1731 1911 meam
1768 1866 1856 1920 ebs,
1890 1863 1946 1912 ἐξ
1969 1866 2148 1926 accipies
2167 1866 2384 1914 mulierem

275 1932 278 1955 ³
359 1931 457 1991 fis'io
481 1942 565 1978 meo
588 1931 807 1994 Jischako.
878 1929 944 1979 Et
966 1929 1187 1994 adjurabo
1206 1942 1251 1978 te
1274 1932 1322 1978 in
1344 1930 1570 1993 Jebovatn
1598 1931 1751 1977 Deum
1793 1930 1901 1977 coeli
1940 1930 1991 1977 δε
2027 1932 2184 1978 Deum
2226 1943 2382 1990 terrae,

373 1997 595 2060 fignificat
619 1997 956 2046 obstrictionem
981 1997 1293 2049 sanffiffimam
1319 1998 1378 2045 ad
1401 1998 1630 2045 Divinum
1665 1996 1793 2060 quod
1826 1998 1872 2042 in
1903 1994 2122 2060 supremis
2145 1999 2192 2044 &
2219 1999 2267 2044 in·
2291 1999 2384 2046 illis.

373 2078 480 2127 quae
505 2064 640 2112 inde:
676 2064 803 2128 quod
827 2080 921 2111 non
944 2065 1132 2128 accipias
1156 2064 1396 2113 mulierem
1419 2064 1517 2122 filio
1551 2078 1655 2110 meo
1678 2079 1703 2110 e
1726 2062 1902 2110 filiabus
1926 2064 2202 2121 Canaanitae‚
2238 2063 2386 2127 signin

371 2130 477 2178 ficat
500 2122 635 2194 quod¹
651 2130 888 2179 Rationale
910 2131 1144 2179 Divinum
1180 2146 1277 2178 non
1313 2128 1665 2195 conjungeretur
1699 2129 1835 2177 alicui
1868 2128 2094 2178 affectioni
2127 2131 2234 2193 quae
2268 2147 2376 2179 cum

369 2213 482 2244 vero·
504 2196 755 2246 discordat:
792 2195 924 2262 cujus
946 2211 1036 2260 ego
1058 2197 1212 2245 habito
1234 2199 1279 2244 in
1302 2198 1476 2253 medio,
1509 2194 1733 2259 fignificat
1765 2194 2069 2244 discordantia
2102 2198 2150 2243 in
2172 2196 2384 2245 humano—

371 2275 575 2311 materno
595 2279 702 2327 quae
726 2266 947 2327 cingunt:
983 2263 1060 2311 sed
1083 2264 1141 2311 ad
1164 2276 1330 2311 terram
1355 2279 1504 2311 meam
1528 2263 1577 2310 &
1601 2263 1658 2311 ad
1681 2262 1968 2310 nativitatem
1990 2279 2137 2310 meam
2161 2280 2250 2319 eas,
2286 2265 2375 2327 fig*

371 2327 601 2374 nificat-ad
623 2328 822 2376 coelestia
843 2330 892 2377 δι·
915 2327 1155 2392 spiritualia
1175 2331 1364 2387 Divina,
1400 2345 1507 2392 quae
1529 2329 1765 2375 Dominus
1787 2328 1879 2374 Sibi
1907 2328 1993 2391 Ipsi
2015 2327 2252 2391 ’acquisivit
2272 2348 2303 2393 ε’
2320 2337 2368 2376 ὅτ

371 2393 561 2457 accipies
585 2393 823 2441 mulierem
846 2394 944 2448 filio
967 2409 1074 2442 mco
1095 2393 1327 2455 Jischako,
1363 2394 1586 2456 fignificat
1623 2393 1752 2456 quod
1792 2393 1897 2439 inde
1928 2395 2027 2438 veri
2055 2393 2233 2440 affestio
2265 2411 2392 2458 (με

369 2458 722 2524 conjungeretur
742 2460 969 2508 affeffloni
993 2459 1101 2507 boni
1121 2459 1390 2507 Rationalis.

440 2542 583 2592 3023..
599 2522 862 2589 ,adjurabo
895 2537 939 2573 te
978 2527 1026 2572 in
1047 2525 1272 2587 Jehovam
1291 2527 1448 2573 Deum
1473 2524 1580 2585 coeli
1613 2524 1662 2572 &
1685 2524 1843 2587 Deum
1866 2538 2013 2582 terrae,
2048 2525 2176 2590 quod
2200 2525 2380 2590 fignifi-

370 2591 805 2652 'cetobstrictionem
830 2593 1141 2643 sanctissimam
1166 2592 1221 2639 ad
1242 2592 1472 2639 Divinum
1503 2591 1632 2654 quod
1661 2592 1711 2638 in
1739 2590 1975 2655 supremis,
1999 2593 2060 2640 ὅτ
2085 2594 2130 2638 in
2157 2593 2243 2639 illis
2266 2610 2373 2656 quae

369 2659 494 2716 inde,
528 2658 701 2724 constat
724 2675 749 2706 a
771 2658 1095 2722 significatione
1116 2655 1333 2723 adjurare,
1367 2657 1496 2721 quod
1533 2657 1587 2704 sit
1612 2671 1713 2721 per·
1731 2655 2047 2721 juramentum
2076 2659 2380 2723 obstringere,

370 2723 591 2790 adjuratio
613 2725 998 2778 enimnonaliud
1024 2724 1087 2772 est
1110 2741 1250 2789 quam
1272 2724 1521 2782 obstriftio²
1557 2724 1606 2770 &
1637 2724 1738 2772 haec
1777 2723 2041 2772 sanctiffirna
2074 2741 2181 2772 cum
2223 2727 2269 2772 in
2293 2727 2372 2788 Je-

369 2791 540 2840 hovam
563 2793 720 2840 Deum
744 2793 853 2840 coeli
879 2793 927 2840 &
950 2793 1106 2842 Deum
1131 2801 1281 2849 terrae,
1315 2791 1404 2839 hoc
1425 2790 1510 2848 est,
1540 2791 1597 2838 ad
1620 2791 1849 2838 Divinum
1873 2792 2000 2855 quod
2025 2791 2152 2855 supra
2174 2793 2224 2839 &
2245 2793 2373 2856 quod
2399 2795 2404 2800 '

370 2855 503 2916 infra,
538 2858 611 2906 seu
635 2859 763 2923 quod
787 2859 930 2916 idem,
965 2859 1020 2906 ad
1044 2860 1274 2908 Divinum
1314 2859 1442 2922 quod
1476 2859 1523 2904 in
1559 2856 1777 2925 supremis
1815 2858 1866 2905 δε
1906 2860 1953 2905 in
1991 2859 2076 2905 illis
2108 2874 2215 2922 quae
2235 2860 2338 2907 inde
2356 2879 2375 2907 :·

371 2924 579 2985 'Jchovah
600 2927 727 2973 Deus
767 2926 876 2973 ccxli
909 2927 1017 2990 quia
1050 2926 1219 2972 dicitur
1247 2925 1306 2973 de
1327 2925 1553 2980 Domino,
1588 2923 1651 2970 est
1673 2923 1770 2987 Ipse
1794 2924 1999 2986 Jehovah
2022 2927 2103 2988 qui
2128 2926 2259 2972 Pater
2284 2942 2370 2972 vo-

371 3003 514 3048 catur,
550 3008 607 3039 ex
627 3009 722 3055 quo
746 3005 1010 3056 conceptus,
1045 2993 1108 3038 ita
1128 2993 1210 3055 qui
1233 2992 1405 3039 Divina
1426 2991 1569 3054 Ipfius
1592 2991 1806 3047 Effentia‚
1841 2990 1932 3053 ipsa
1970 2993 2090 3038 enim
2128 2994 2370 3054 conceptio

371 3055 499 3103 dedit
533 3059 790 3122 ipfiffimam
825 3059 1070 3105 Efl'entiam
1106 3074 1163 3105 ex
1200 3075 1290 3121 qua
1324 3057 1447 3112 fuit3
1482 3057 1690 3118 Jehovah
1712 3058 1839 3103 Deus
1876 3070 2022 3114 terrae,
2058 3057 2120 3103 cst
2156 3070 2264 3103 tunc
2289 3058 2375 3117 je--

372 3120 527 3170 hovah
559 3127 641 3186 qui
679 3125 821 3172 Filius
861 3127 1042 3181 dicitur,
1077 3126 1143 3172 ita
1179 3125 1403 3172 Humana
1438 3124 1579 3187 Ipfius
1610 3123 1822 3179 Effentia,
1858 3124 2032 3170 exstitit
2068 3124 2165 3170 haec
2202 3125 2256 3168 ab
2293 3123 2376 3172 illa„

372 3202 481 3234 eum
517 3189 747 3236 Dominus
789 3208 885 3238 eam
930 3207 1116 3255 quoque
1154 3191 1377 3238 Divinam
1421 3189 1528 3237 fecit
1549 3213 1562 3245 ·,
1614 3190 1675 3236 ita
1717 3189 1991 3252 significatur
2028 3205 2108 3251 per
2139 3189 2372 3248 Jehovam

369 3251 526 3302 Deum
551 3254 660 3302 coeli
680 3256 908 3306 Divinum
947 3258 1075 3321 quod
1110 3260 1163 3305 in.
1191 3256 1436 3322 supremis„
1465 3257 1520 3304 ὅτ
1548 3271 1630 3321 per
1651 3255 1876 3319 Jehovam
1902 3257 2055 3304 Deum
2079 3266 2207 3302 terrae
2233 3254 2371 3299 Divi·

2254 3335 2377 3366 numi
