2872 3730
494 235 679 296 104.
1002 206 1967 285 ‚GENESIS

490 341 682 406 loquela,
717 336 978 391 &intentio
1001 345 1235 402 excitatur,
1270 360 1353 409 per
1380 343 1507 407 quod
1547 343 1722 391 dicatur
1761 346 1794 371 “
1818 351 2114 389 veruntamen
2138 339 2170 387 si
2203 349 2272 396 tu,
2311 340 2471 404 placet,

496 410 650 456 audias
673 409 796 464 me,''
829 425 963 472 quare
987 410 1182 469 influxus
1206 411 1388 458 interior
1410 409 1697 472 significatur.
1767 407 1926 455 Sensus
1960 409 2158 455 internus
2181 406 2277 453 talis
2311 406 2391 462 est,
2426 411 2478 454 ut

498 491 634 530 ¹voces
654 476 703 522 ὅτ
724 474 860 521 verba
880 491 1018 539 poene
1040 476 1150 523 nihil
1174 476 1274 533 lint,
1309 475 1383 523 sed
1406 473 1549 523 sensus
1570 490 1728 522 eorum
1762 489 1819 521 ex
1845 473 1949 520 serie
1987 474 2126 520 fluens
2159 471 2274 519 sistat
2310 472 2476 529 ideam,

502 543 551 589 &
575 540 759 604 quidem
784 556 936 587 coram
960 542 1128 604 angelis
1149 541 1442 604 spiritualem,
1482 542 1556 588 cui
1580 540 1727 587 sensus*
1746 551 1963 593 externus
1977 538 2052 585 seu
2085 538 2265 585 literalis
2299 537 2478 585 inservit

500 622 587 670 pro
609 604 785 669 01)]οἂ0
807 622 862 652 ex
885 622 1013 669 quo·,
1053 606 1154 654 sunt
1178 607 1300 654 enim
1336 607 1449 654 ideae
1487 605 1770 669 cogitationis
1810 605 2006 652 hominis
2041 619 2147 667 quae
2172 603 2271 650 sunt
2304 600 2479 667 objecta'
2548 629 2550 631 v

503 673 829 735 cogitationum
866 671 1157 735 spiritualium
1192 672 1314 735 apud
1349 671 1572 734 Angelos,
1612 672 1662 718 &
1682 670 1886 734 ‘quidem
1921 670 2011 717 illae
2045 670 2158 716 icleae
2195 670 2480 731 cogitationis

504 738 628 801 apud
667 738 897 784 hominem
932 737 1247 802 principaliter,
1283 753 1388 800 quae
1423 738 1523 784 sunt
1554 752 1611 784 ex
1633 737 1804 793 Verbo,
1838 752 1902 783 ex·
1932 735 2055 782 causa
2091 736 2197 799 quia
2231 736 2292 781 ibi
2324 750 2483 782 omnes

504 820 572 850 res
603 803 930 866 repraesentant,
965 804 1014 850 &
1055 819 1213 851 omnes
1252 805 1301 851 &
1341 803 1529 866 fingulae
1559 818 1693 850 voces
1728 802 1992 865 significant,
2028 802 2077 849 &
2111 801 2481 848 animadvertitur

504 869 628 916 illico
650 869 773 931 quod
799 885 822 915 e
840 869 994 915 Verbo
1017 869 1116 926 sint,
1140 870 1219 933 qui
1242 868 1480 933 spiritualia
1501 869 1551 916 ὅτ
1575 868 1771 915 coelestia
1792 866 1854 914 ibi
1877 866 1956 923 suo
1977 868 2134 914 ordine
2157 865 2481 930 dispositiffime

505 935 854 997 consequuntur,
893 935 942 981 ὅτ
978 936 1023 981 111
1057 935 1143 982 illis
1176 936 1225 982 ὅτ.
1250 935 1317 983 his
1351 934 1550 983 sanetum
1582 949 1639 982 ex
1661 935 1823 982 intimo
1845 932 1983 991 sensu,
2022 934 2103 996 qui
2142 931 2204 980 est
2240 932 2383 979 solum
2424 931 2481 978 de

506 1002 731 1056 Domino,
766 1016 815 1046 ac
840 1000 980 1063 Ipslus
1001 1002 1179 1063 Regno.
1626 1049 1630 1051 ,
2087 1046 2091 1050 .
2163 1013 2165 1015 ’

576 1082 717 1130 2954.
754 1065 889 1112 Dabo
923 1078 1158 1128 argentum
1190 1067 1302 1128 agri,
1336 1067 1486 1130 accipe
1523 1083 1547 1114 a
1583 1082 1672 1123 me,
1709 1067 1837 1129 quod
1869 1065 2089 1129 significet
2122 1063 2489 1128 redemptionem.

506 1132 655 1196 quoad
689 1146 793 1177 vera
815 1130 1029 1178 Ecclefiae
1052 1147 1157 1193 quae
1181 1147 1205 1177 a
1223 1133 1446 1187 Domino,
1485 1133 1656 1180 constat
1676 1147 1732 1178 ex
1754 1132 2077 1194 significatione
2098 1131 2202 1178 dare
2224 1141 2485 1194 argentum,

507 1198 632 1261 quod
658 1196 709 1243 sit
733 1195 948 1243 redimere
971 1213 1050 1258 per
1074 1213 1257 1252 verum,
1285 1196 1341 1243 de
1364 1213 1455 1259 qua
1477 1194 1607 1259 supra
1641 1213 1670 1242 n
1689 1210 1700 1238 ε
1721 1213 1866 1260 2937,
1904 1194 2142 1257 argentum
2166 1195 2289 1240 enim
2320 1193 2384 1240 est
2408 1209 2484 1239 ve-

508 1279 611 1310 rum
646 1278 886 1324 n215513
934 1277 957 1309 a
996 1261 1314 1324 fignificatione
1349 1264 1463 1324 agri,
1503 1261 1632 1325 quod
1667 1261 1720 1308 s1t
1742 1260 1973 1317 Ecclefiae,
2013 1271 2114 1315 tum
2148 1259 2350 1306 1106111113
2372 1259 2488 1315 veri,

508 1329 565 1376 de
587 1344 677 1391 qua
711 1344 740 1374 n
764 1346 774 1375 ε
797 1329 904 1390 368.
931 1343 990 1392 29
998 1330 1087 1390 363
1126 1329 1175 1375 ὅτ
1199 1344 1224 1374 3
1246 1328 1571 1391 significatione
1595 1328 1794 1390 accipere
1814 1343 1841 1374 a
1863 1342 1954 1383 me,
1978 1325 2104 1389 quod
2129 1324 2181 1373 sit
2202 1326 2487 1387 reciprocum

508 1393 629 1457 apud
661 1393 759 1440 illos
788 1394 869 1456 qui
902 1393 957 1440 ab
980 1393 1212 1449 Ecclefia;
1253 1388 1537 1457 reciprocum
1575 1393 1640 1440 est
1672 1393 1786 1440 fides
1819 1392 1944 1455 quod
1967 1392 2221 1455 redemptio
2257 1390 2311 1438 sit
2347 1406 2373 1438 a
2394 1389 2491 1437 solo

507 1460 726 1508 Domino.
798 1459 943 1517 Quod
966 1458 1352 1523 Redemptionem
1375 1460 1549 1516 attinet,
1583 1458 1647 1506 est
1679 1458 1755 1505 illa
1783 1459 1905 1506 idern
1935 1474 1986 1505 ac
2004 1454 2288 1513 Reformatio
2321 1458 2371 1504 ὅτ
2395 1457 2491 1504 Re-

508 1527 749 1587 generatio,
791 1525 839 1572 &
863 1525 967 1572 inde
990 1525 1190 1572 liberatio
1223 1525 1279 1572 ab
1300 1522 1474 1571 inferno
1498 1526 1547 1572 &
1570 1524 1752 1571 salvatio
1772 1546 1786 1579 ;
1831 1524 2110 1586 Redemptio
2131 1522 2205 1569 feu
2224 1521 2490 1573 reformatio

509 1593 558 1638 δε
580 1591 762 1637 salvatio
785 1590 1026 1637 hominum
1049 1590 1262 1637 Ecclefiae
1296 1589 1530 1652 spiritualis
1557 1590 1610 1638 fit,
1631 1605 1711 1651 per
1733 1603 1912 1645 verum,
1951 1600 1995 1634 at
2015 1587 2254 1635 hominum
2276 1586 2491 1634 Ecclesiae

440 1697 451 1701 ,
511 1655 704 1703 coelestis
739 1672 817 1718 per
841 1656 1013 1702 bonum
1031 1677 1047 1710 ·,
1088 1655 1230 1702 causae
1252 1657 1377 1718 prius
1401 1657 1557 1718 paffim
1590 1654 1725 1700 dietae
1748 1652 1868 1710 sunt,
1906 1669 2069 1717 nempe
2091 1653 2219 1715 quod
2241 1650 2490 1716 spirituales

508 1721 619 1769 nihil
642 1720 886 1768 voluntatis
911 1721 1019 1769 boni
1041 1720 1247 1778 habeant,
1283 1719 1357 1767 sed
1392 1736 1476 1783 pro
1514 1720 1590 1767 illa
1628 1719 1782 1766 donati
1814 1718 2021 1766 facultate
2054 1717 2338 1782 intelligendi
2371 1717 2489 1781 quid

510 1787 702 1844 bonum,
725 1786 971 1835 intelleetus
994 1787 1100 1834 boni
1124 1787 1186 1834 est
1207 1788 1287 1850 qui
1310 1786 1614 1850 principaliter
1630 1796 1817 1832 vocatur
1839 1800 2017 1841 verum,
2043 1786 2092 1832 &
2115 1785 2307 1847 quidem.
2323 1778 2491 1830 verum.

508 1854 631 1909 fidei,
673 1864 716 1900 at
739 1853 853 1900 velle
876 1852 989 1900 illud
1011 1854 1059 1900 &
1084 1853 1187 1900 inde
1211 1852 1352 1901 facere
1385 1851 1498 1898 illud
1530 1852 1593 1899 est
1614 1851 1740 1914 quod
1761 1863 1950 1907 vocatur
1973 1850 2146 1897 bonum
2168 1871 2189 1904 ς’
2223 1850 2489 1912 Spirituales

508 1921 656 1982 itaque
695 1934 775 1981 per
811 1918 1089 1967 111101106111111
1130 1919 1257 1975 boni,
1295 1917 1366 1965 seu
1391 1918 1516 1981 quod
1550 1918 1689 1973 idem,
1727 1915 1807 1980 per
1833 1932 2011 1972 verum,
2051 1915 2402 1977 introducuntur
2430 1915 2492 1962 'in

509 1986 791 2032 voluntatem
815 1983 949 2041 boni,
975 1985 1047 2032 seu
1083 1985 1208 2048 quod
1248 1984 1389 2040 idem,
1429 1984 1476 2030 in
1510 1983 1699 2040 bonum,
1740 1982 1815 2030 sed
1845 1998 1936 2030 non
1973 1983 2019 2028 in
2053 1980 2220 2044 aliquid
2243 1980 2492 2038 voluntatis

510 2051 619 2098 boni
643 2066 700 2097 ex
723 2050 979 2114 semetipfiS,
1011 2052 1116 2114 quia
1139 2050 1346 2097 voluntas
1372 2050 1478 2097 boni
1502 2049 1622 2112 apud
1644 2064 1719 2095 eos
1754 2050 1901 2095 omnis
1925 2047 2155 2111 deperdita
2175 2046 2255 2103 est,
2297 2063 2327 2093 n
2347 2063 2356 2091 τ
2379 2051 2492 2110 895.

512 2133 622 2182 927.
651 2133 795 2176 2124,
830 2115 905 2163 sed
939 2118 986 2163 in
1017 2116 1298 2163 voluntatem
1333 2131 1518 2171 novam,
1559 2130 1698 2178 quam
1733 2116 1957 2177 accipiunt
1990 2130 2015 2160 a
2037 2113 2260 2169 Domino,
2296 2129 2356 2159 n:
2381 2113 2487 2175 863.

514 2189 623 2246 875.
654 2200 791 2244 1023.
824 2198 961 2244 1043.
991 2199 1135 2243 1044,
1175 2184 1223 2231 &
1247 2197 1354 2230 cum
1378 2181 1491 2230 113110
1514 2182 1797 2230 voluntatem
1819 2180 2089 2244 acceperint,
2125 2191 2234 2226 tunc
2267 2178 2319 2225 in
2340 2176 2489 2242 *specie

510 2249 722 2296 dicuntur
745 2247 980 2311 redempti.
1170 2263 1174 2268 ·
1274 2254 1279 2257 ’
2175 2264 2179 2267 ’
2419 2273 2423 2276 -

580 2332 604 2362 2
612 2331 672 2378 95
679 2322 723 2376 5‘.
760 2314 904 2374 Quod
927 2314 1135 2377 sepeliam
1158 2326 1392 2364 mortuum
1419 2331 1593 2373 meum,
1618 2314 1837 2376 significet
1859 2312 1988 2377 quod
2009 2330 2033 2360 e
2056 2311 2188 2360 110610
2211 2321 2494 2375 emergerent

513 2380 562 2427 &
598 2380 946 2439 vivificarentur,
984 2380 1155 2427 constat
1187 2398 1212 2428 a
1242 2382 1562 2444 significatione
1603 2380 1790 2442 sepeliri,
1829 2381 1879 2427 δε
1921 2380 2107 2435 mortui,
2148 2377 2206 2424 de
2238 2393 2327 2440 qua
2365 2377 2499 2441 supra'
2532 2377 2541 2386 ‘

514 2462 544 2492 11
564 2464 573 2493 :
593 2461 735 2510 2917.
762 2459 901 2508 2923.
930 2462 1238 2511 292512931.
1265 2451 1427 2511 2948;
1468 2447 1541 2494 hic
1565 2447 1784 2494 vivificari
1807 2447 2038 2500 dicuntur,
2079 2445 2183 2505 quia
2217 2445 2262 2488 in
2286 2442 2493 2505 progres-

511 2511 633 2559 sione
656 2512 897 2572 recipiendi
921 2512 1061 2558 fidem
1086 2512 1186 2559 sunt
1203 2535 1221 2567 ·,
1258 2529 1313 2558 ex
1336 2513 1426 2560 fide
1449 2514 1589 2567 enim,
1623 2527 1785 2572 nempe
1809 2526 1865 2556 ex
1886 2508 1980 2571 ejus
2004 2509 2141 2561 bont),
2174 2507 2398 2567 accipiunt
2421 2508 2492 2553 vi.-
2515 2525 2518 2530 ¹

515 2588 626 2631 tarn,
664 2575 839 2623 aliunde
865 2591 955 2622 non
977 2577 1166 2632 estvita.
1238 2577 1390 2638 Qod'
1409 2577 1619 2636 sepeliam
1640 2587 1874 2621 mortuum
1901 2588 2056 2619 meum
2094 2571 2313 2633 fignificet
2347 2587 2492 2617 erner-

517 2640 686 2686 fionem
727 2656 753 2685 a
789 2641 918 2686 nofte
954 2640 1183 2701 spirituali,
1223 2641 1274 2689 &
1297 2640 1668 2694 vivificationem,
1706 2640 1841 2685 etiam
1864 2637 1969 2684 inde
2004 2635 2082 2692 est,
2118 2637 2223 2699 quia
2257 2637 2380 2698 prior
2400 2637 2508 2683 Ec-'

517 2705 643 2751 clefia
675 2719 782 2750 cum
810 2717 1003 2761 mortua,
1043 2721 1160 2751 nov-a
1196 2704 1296 2751 loco
1331 2702 1425 2767 ejus
1464 2704 1748 2759 exsuscitatur
1787 2703 2057 2758 aDomino,
2095 2701 2156 2747 ita
2193 2700 2297 2760 loco
2331 2703 2493 2749 mortis

520 2770 650 2818 datur
671 2771 780 2825 vita,
817 2771 865 2816 &
900 2770 1001 2816 loco
1023 2772 1164 2818 nostis
1201 2770 1254 2816 fit
1280 2785 1443 2824 mane3
1482 2771 1615 2816 etiam
1656 2768 1780 2825 inde,
1817 2768 1944 2831 quod
1979 2766 2099 2831 apud
2139 2769 2493 2829 unumquemvis

520 2837 596 2900 qui
632 2833 897 2883 reformatur
933 2836 982 2895 &
1015 2835 1068 2883 fit
1106 2834 1354 2899 spiritualis,
1389 2847 1624 2882 mortuum
1659 2833 1753 2896 qius
1786 2834 1906 2896 quasi
1937 2833 2190 2896 sepeliatur,
2224 2834 2271 2878 &
2297 2849 2494 2890 novum,

562 2902 647 2947 uod
671 2899 734 2947 est
753 2902 935 2957 vivum²
973 2901 1200 2964 resurgat,
1220 2902 1280 2947 ita
1302 2901 1409 2947 loco·
1427 2902 1569 2947 1106113
1590 2900 1708 2963 apud
1734 2900 1884 2955 illum,
1918 2899 1993 2945 seu
2014 2898 2116 2945 1000
2137 2897 2417 2944 tenebrarum
2442 2899 2494 2946 &

520 2916 718 3029 Rigoris,
742 2965 948 3028 'exsurgit
972 2981 1101 3014 mane
1125 2983 1233 3013 cum
1257 2965 1330 3013 sua
1353 2966 1451 3012 luce
1475 2968 1524 3013 δε
1546 2966 1625 3013 suo
1648 2965 1821 3020 calore3
1857 2965 1960 3011 inde
1980 2963 2059 3020 est,
2099 2960 2225 3026 quod
2247 2963 2367 3026 apud
2391 2966 2494 3010 An-

519 3036 644 3095 gelos
667 3032 746 3095 qui
769 3034 815 3077 in
840 3034 930 3078 vita
952 3033 1143 3079 Domini
1168 3032 1421 3094 sunt‚‘loco
1442 3032 1556 3079 ideae
1579 3032 1700 3095 apud
1723 3032 1960 3078 hominem
1983 3029 2039 3076 de
2061 3028 2283 3092 sepultura
2309 3030 2500 3086 mortui,

520 3097 576 3148 fit
607 3098 706 3148 idea
727 3096 1053 3148 resmredionis
1084 3099 1133 3147 &
1155 3113 1289 3147 novae
1309 3089 1436 3147 vitae.
1491 3098 1560 3165 Ita
1581 3113 1762 3162 quoque
1786 3096 1830 3146 se
1847 3095 1999 3153 habet,
2029 3110 2139 3153 nam!
2157 3093 2329 3159 semper
2351 3094 2497 3157 aliqua

2299 3159 2500 3211 Ecclefia.
