2904 3750
561 165 692 246 408
1069 154 2090 239 GENESJS„

563 293 619 344 &
667 290 774 344 inde
815 311 894 363 reg
902 293 1010 346 itur
1026 312 1042 343 .·
1082 293 1135 344 in
1175 290 1283 344 coelo
1309 290 1432 362 sunt
1459 286 1719 360 secundum
1754 287 1919 342 bonum
1955 289 2131 343 amoris
2163 289 2220 344 ἔθ’
2253 289 2362 344 inde
2399 311 2569 349 verum

547 367 691 437 fidei,
731 366 784 419 in
810 367 1001 436 inferno
1009 366 1270 438 fi’cundum
1297 365 1471 418 malum
1497 363 1594 417 odii
1619 365 1676 417 &²
1701 362 1810 416 inde
1817 364 2022 435 falficm.

639 443 748 512 364
756 458 802 512 5.
844 441 1130 513 Universum
1175 442 1392 511 Regnum
1433 438 1641 492 Domini
1688 439 1749 508 est
1791 440 2009 509 Regnum
2044 439 2223 510 finium
2267 441 2325 493 ἔθ’
2365 441 2526 512 ufitum
2551 460 2581 507 5·-

561 514 727 569 datum
766 515 826 585 est
869 516 989 568 mihi
1027 515 1272 584 manifeste
1309 514 1555 585 percipere
1576 513 1827 584 Sphaeram
1851 515 2102 568 Divinam
2134 514 2284 578 illam,
2324 528 2482 586 nempe
2487 519 2565 588 fi-

569 590 701 643 nium
726 591 783 644 &
800 591 989 662 usuum,
1029 591 1088 642 &⁹
1127 589 1341 661 quaea'am
1384 600 1499 641 tunc
1541 607 1647 660 quae
1689 607 1778 641 non
1818 588 2137 641 enuntiabilia
2163 589 2287 660 sunt
2308 611 2325 642 .-
2379 610 2439 643 ex
2483 592 2570 647 illa

549 663 752 736 sphaera
783 665 1046 736 profluunt,
1087 665 1144 716 &³
1177 674 1270 735 per
1306 663 1444 716 illam
1484 674 1738 733 reguntur,
1778 663 1934 715 omnia
1979 667 2036 719 ἐξ
2060 663 2293 735 fingula3
2341 677 2570 736 quantum

567 738 847 810 affebtiones,
886 738 1186 809 cogitationes
1226 738 1284 790 δέ*
1324 736 1527 789 actiones
1568 737 1620 788 in
1648 737 1708 808 Je
1752 737 1924 790 habent
1941 738 2095 808 finem
2141 738 2466 807 benefaciendi
2508 761 2567 795 ex

570 813 720 877 corde,
777 822 978 865 tantum
1005 812 1147 874 bomo,
1186 811 1399 883 spiritus
1437 811 1494 863 &
1519 812 1732 881 Angelus
1775 812 1828 863 in
1855 812 2078 865 Maximo
2103 813 2308 866 Homine
2351 814 2425 888 est,
2489 816 2573 868 hoc

572 888 647 958 est,
712 889 763 940 in
818 888 972 950 Caelo,
1016 898 1263 957 ¹quantum
1307 896 1464 938 autem
1508 884 1633 937 homo
1677 886 1734 938 &3
1765 885 1995 956 spiritus,
2031 888 2186 956 finem
2235 888 2572 959 maley‘aciendi

572 982 631 1013 ex
672 961 805 1014 corde
846 960 1001 1024 habet,
1040 971 1230 1012 tantum
1267 972 1411 1012 extra
1446 959 1726 1012 Maximum
1763 959 1990 1014 hominem
2032 961 2107 1032 est,
2154 960 2236 1014 hoc
2260 962 2354 1032 est,
2399 963 2454 1016 in
2492 964 2572 1016 in-

602 1055 726 1088 ern0.
1791 1057 1793 1060 ’
2433 1083 2435 1085 ,

558 1039 600 1105 j
658 1110 816 1180 3646.
857 1112 974 1162 Cum
999 1107 1285 1160 animalibus
1309 1107 1466 1160 brutis
1472 1107 1532 1178 st’
1544 1108 1778 1177 similiter
1805 1109 1945 1161 habet
1968 1108 2121 1180 quoad
2150 1111 2360 1182 influxus
2385 1113 2442 1168 &³
2467 1131 2572 1165 cor.

579 1183 923 1255 respondentias
944 1184 1078 1253 ficut
1114 1201 1226 1235 cum
1262 1180 1539 1245 hominibus,
1579 1181 1702 1254 quod
1735 1193 1893 1253 nempe
1931 1182 2064 1254 apud
2096 1183 2196 1236 illos
2205 1184 2280 1253 sit
2319 1185 2527 1256 influxus
2551 1207 2576 1239 e

562 1258 826 1329 spirituali
858 1257 1042 1320 mundo,
1083 1257 1140 1312 &5
1165 1255 1368 1328 affluxus
1393 1275 1452 1308 ex
1476 1256 1699 1310 naturali
1731 1256 1915 1319 mund0‚
1945 1267 2040 1328 per
2065 1276 2171 1330 quos
2193 1258 2495 1312 continentur
2520 1264 2578 1316 ἐξ

583 1334 760 1387 vivunt
781 1360 797 1397 ;
819 1332 914 1404 st'd
933 1332 1035 1403 ipsa
1059 1331 1267 1402 operatio
1273 1330 1334 1401 st
1338 1330 1469 1401 fistit
1493 1328 1792 1402 diverfimode
1809 1330 2069 1400 stcundum
2080 1331 2279 1402 formas
2301 1333 2577 1395 animarum

584 1426 757 1471 eorum,
799 1411 855 1464 &³
895 1407 1004 1460 inde
1038 1417 1315 1477 corporum3
1337 1404 1395 1476 β’
1417 1403 1557 1458 habet
1595 1405 1693 1468 hoc,
1718 1405 1844 1476 ficut
1867 1405 1953 1476 lux
1975 1405 2155 1470 mundi,
2194 1425 2300 1478 quae
2324 1408 2377 1461 in
2402 1408 2580 1476 objeb't'a

583 1483 768 1535 telluris
792 1482 944 1535 varia
952 1481 1110 1552 stmili
1126 1479 1293 1550 gradu
1318 1479 1538 1551 &fimili
1560 1479 1686 1534 modo
1710 1480 1890 1553 influit,
1929 1480 2066 1554 usque
2095 1492 2254 1540 tamen
2281 1481 2582 1553 diversimode

585 1558 694 1627 agit
718 1558 772 1611 in
780 1557 964 1626 formis
988 1555 1198 1619 diversis,
1237 1555 1290 1607 in
1316 1553 1592 1626 quibusdam
1616 1555 1837 1626 pulchros
1869 1555 2051 1619 colores,
2089 1555 2144 1609 in
2165 1556 2279 1609 aliis
2302 1557 2581 1628 impulchros

576 1629 802 1700 producit
818 1658 837 1695 ,ς
875 1631 952 1686 ita
976 1649 1081 1683 cum
1100 1631 1220 1690 Lux
1246 1627 1531 1699 spiritualis
1570 1629 1624 1681 in
1661 1629 1848 1682 animas
1890 1628 2140 1682 brutorum
2174 1631 2356 1702 influit,
2385 1632 2580 1702 prorsus

587 1703 869 1774 diffimiliter
898 1703 1151 1774 recipitur,
1190 1705 1249 1757 Β)δ
1287 1701 1397 1753 inde
1428 1701 1536 1755 illas
1569 1701 1852 1771 dffmiliter
1874 1705 2060 1765 abluat,
2099 1722 2240 1774 quam
2260 1722 2366 1756 cum
2390 1705 2442 1756 in
2467 1707 2580 1756 ani-

576 1797 689 1831 ,mas
712 1778 975 1840 bominum5
1006 1777 1087 1832 hae
1111 1776 1235 1828 enim
1267 1775 1594 1848 insuperiori
1618 1775 1785 1846 gradu
1800 1775 1938 1846 sunt,
1978 1778 2037 1830 &³
2061 1772 2114 1828 in
2129 1777 2417 1847 perfectiori
2429 1779 2580 1846 statu,

591 1855 649 1907 &³
665 1852 788 1924 stant
826 1852 941 1904 tales
969 1862 1035 1909 aut
1059 1850 1284 1921 speetare
1313 1849 1482 1922 poffint
1503 1849 1716 1921 sitifim,
1746 1849 1829 1902 ita
1853 1849 1923 1902 ad
1942 1850 2106 1902 coelum
2131 1854 2189 1906 &³
2213 1851 2283 1903 ad
2303 1853 2584 1916 Dominum,

584 1925 739 2000 quare
753 1927 1001 1987 *Dominus
1039 1925 1148 1977 illas
1163 1924 1267 1995 fibi
1310 1923 1590 1993 adjungere,
1598 1922 1758 1993 potest,
1799 1926 1856 1978 &³
1881 1922 2001 1975 dare
2022 1923 2184 1976 vitam
2208 1935 2440 1977 aeternam
2461 1952 2476 1989 3
2514 1927 2584 1998 ast

589 2003 770 2069 animae
802 2001 1050 2054 brutorum
1085 2000 1202 2052 tales
1221 1999 1361 2070 ficnt,
1394 2009 1456 2050 ‚ut
1478 2015 1566 2049 non
1586 1997 1753 2067 poffi'nt
1785 1996 1934 2049 aliter
1964 1998 2338 2069 quamspeb‘lare
2362 1998 2584 2071 deorficm,

586 2077 670 2135 ita
693 2076 846 2147 solum
884 2076 954 2128 ad
979 2073 1246 2142 terrestria,
1286 2075 1343 2127 δέ’
1362 2072 1444 2141 stc.
1478 2070 1604 2134 modo
1636 2070 1734 2123 illis
1765 2070 1984 2141 adjungi,
2022 2083 2309 2144 quapropter
2333 2074 2480 2126 etiam
2497 2085 2584 2146 pe-

595 2164 736 2203 reunt
755 2147 860 2203 cum
885 2160 1099 2220 corpore:
1119 2147 1247 2216 fines
1253 2146 1392 2217 sunt,
1432 2145 1517 2217 qui
1540 2144 1775 2214 ‹ssendunt
1798 2145 1952 2218 qualis
1983 2147 2096 2198 vita
2124 2146 2316 2210 homini,
2356 2150 2413 2202 &³
2437 2148 2591 2220 qualis

595 2225 783 2296 bestiam
821 2224 944 2276 homo
972 2221 1118 2293 potest
1155 2219 1326 2273 habere
1340 2220 1470 2290 fines
1490 2219 1779 2291 spirituales
1813 2222 1870 2274 &3
1907 2218 2112 2289 caelestes,
2160 2222 2218 2276 &³
2261 2221 2362 2274 illos
2404 2221 2588 2286 videre,

587 2291 854 2372 agnoscere,
895 2296 1100 2359 credere,
1140 2296 1197 2350 &5
1221 2294 1318 2347 illis
1341 2293 1484 2366 affici,
1521 2304 1579 2346 at
1611 2292 1766 2364 bestiae
1803 2312 1891 2346 non
1917 2293 2099 2366 poffitnt
2120 2295 2251 2354 ‚alios
2266 2295 2395 2366 fines
2419 2294 2591 2349 habere

597 2394 737 2447 quam
758 2373 999 2427 naturales
1016 2398 1031 2435 3
1070 2371 1147 2422 ita
1161 2369 1307 2441 potest
1330 2368 1455 2421 homo
1489 2368 1570 2440 effi
1602 2369 1656 2420 in
1671 2368 1877 2439 sphaera
1902 2369 2106 2422 Divina
2119 2369 2304 2439 finium
2328 2373 2386 2426 &²
2411 2369 2590 2441 usuum,

595 2470 702 2520 quae
740 2450 792 2500 in
836 2447 943 2500 coelo
977 2449 1034 2503 &2²
1074 2463 1181 2515 quae
1219 2442 1455 2513 corstituit
1497 2442 1677 2506 caelum,
1716 2441 1870 2511 bestia
1902 2454 2060 2496 autem
2093 2462 2182 2497 non
2205 2443 2390 2516 pofficnt
2413 2445 2467 2498 in
2490 2445 2595 2497 alia

583 2524 784 2596 sphaera
823 2520 917 2594 effe,
958 2539 1099 2591 quam
1117 2519 1301 2588 finium
1346 2520 1403 2572 ἔθ’
1438 2517 1605 2588 ustcum
1640 2536 1746 2589 quae
1778 2518 1837 2572 ,in
1875 2528 2015 2570 terra
2036 2544 2051 2581 3
2067 2519 2195 2588 fines
2218 2537 2307 2572 non
2331 2517 2595 2589 aliudstcnt

602 2617 741 2669 quam
777 2614 972 2656 amores,
1010 2612 1142 2646 nam*
1164 2612 1270 2663 quae
1307 2603 1538 2643 amantur
1565 2602 1660 2662 pro
1684 2591 1793 2664 fine
1830 2591 2080 2647 habentur.
2157 2592 2296 2661 Qeod
2305 2591 2596 2663 perplurimi

602 2671 799 2728 homines
831 2688 920 2721 non
942 2667 1110 2738 sciant
1145 2665 1434 2735 ,distinguere
1470 2665 1604 2718 inter
1625 2665 1786 2716 vitam
1794 2666 1940 2733 stiam
1966 2667 2023 2718 &
2047 2664 2206 2716 vitam
2229 2663 2496 2734 bestiarum,
2531 2665 2596 2735 est

604 2745 718 2817 quia
742 2742 974 2813 stmiliter
1007 2741 1060 2792 in
1093 2739 1302 2796 externis
1327 2738 1466 2807 fient,
1521 2740 1585 2791 2&
1626 2737 1724 2789 illis
1750 2737 1905 2807 filum
1947 2737 2213 2805 terrestria,
2259 2748 2496 2808 corporea,
2537 2742 2596 2794 &²

603 2817 844 2878 mundana
869 2834 1000 2872 curce
1026 2816 1082 2868 δέ’
1100 2811 1253 2874 cordi,
1292 2814 1350 2871 &
1373 2811 1458 2882 qui
1481 2811 1612 2872 tales,
1635 2810 1695 2879 st’
1727 2828 1899 2882 quoque
1927 2808 2125 2862 credunt
2139 2811 2319 2881 stmiles
2343 2811 2422 2884 ‘ff’
2446 2812 2600 2884 quoad

605 2893 763 2945 vitam
793 2889 959 2957 bestiis,
998 2890 1054 2941 &
1072 2888 1131 2955 se
1155 2885 1418 2954 diffi'patum
1451 2884 1539 2946 iri,
1561 2884 1691 2951 ficut
1714 2883 1833 2942 illae,
1858 2882 1956 2953 post
1979 2894 2188 2947 mortem,
2227 2904 2338 2938 nam
2362 2886 2481 2957 quid
2480 2886 2597 2957 spi-

605 2965 896 3021 ritualia&
919 2959 1132 3029 caelestia,
1172 2959 1285 3030 quia
1311 2976 1401 3009 non
1433 2967 1626 3019 curant,
1665 2975 1747 3008 nec
1779 2967 1984 3019 norunt3
2023 2956 2132 3009 inde
2155 2957 2214 3028 est
2237 2958 2428 3030 insania
2451 2960 2597 3030 nostri

589 3039 779 3112 saeculi,
817 3036 939 3109 quod
952 3034 1011 3106 st’
1044 3042 1312 3104 comparent
1350 3030 1522 3094 brutis,
1562 3032 1620 3085 δέ’
1657 3048 1746 3082 non
1790 3029 2038 3102 discrimen
2079 3032 2320 3086 internum
2359 3033 2595 3098 videant3

582 3119 661 3179 ‘at
696 3112 783 3186 qui
825 3110 1023 3182 caelestia
1061 3110 1118 3165 &
1134 3106 1430 3180 spiritualia
1467 3103 1637 3180 credit,
1660 3104 1751 3178 seu
1765 3105 1967 3180 patitur
2003 3116 2060 3161 ut
2098 3106 2181 3160 lux
2210 3107 2491 3180 spiritualis
2516 3110 2597 3160 in-

2460 3183 2599 3255 fluat
