2904 3750
686 179 1021 246 CAPUT
1067 174 1638 241 VIGESIMUM
1681 175 2213 245 SEPTIMUM.
2315 183 2448 271 385

443 323 557 373 mini
580 323 626 370 in
651 322 856 386 jehovah
879 323 982 370 Deo
1002 320 1167 378 vestro,
1203 321 1311 384 quia
1347 319 1477 367 dedit
1518 317 1651 367 vobis
1688 316 1894 381 pluviam
1936 321 2203 369 matutinam
2242 323 2290 371 in
2314 319 2448 387 justi>-

441 393 572 449 tiam,
607 392 656 439 ὅτ
680 389 946 438 descendere
982 386 1118 434 faciet
1156 387 1287 433 vobis
1317 386 1526 448 pluviam
1566 385 1839 432 matutinam
1863 383 1914 430 &
1937 383 2170 433 serotinam
2197 390 2242 434 in
2275 391 2447 451 primo,

441 459 493 506 &
531 456 845 522 implebuntur
881 468 995 501 areae
1017 452 1239 515 frumento
1272 463 1404 512 puro,
1457 451 1507 499 ὅτ
1547 449 1844 499 exundahunt
1888 451 2126 498 torcularia
2163 454 2353 513 Mustum
2397 457 2448 503 &

441 523 648 580 oleum,'’
682 523 711 569 ii
733 541 744 570 :
773 538 850 584 23.
877 536 955 579 24.
1009 517 1156 580 Apud
1181 516 1416 573 Eundem,
1453 521 1488 543 “
1513 517 1614 563 Fiet
1638 517 1684 562 in
1708 516 1781 563 die
1806 514 1901 571 illo,
1923 517 2151 575 stillabunt
2175 530 2328 567 montes
2357 537 2450 568 mu-

427 590 562 651 stum,
610 589 660 636 &
701 586 839 634 colles
877 585 1019 632 fluent
1059 584 1189 640 lacie,
1236 584 1286 631 &
1326 598 1485 631 omnes
1526 582 1834 643 rivi-Jehudae
1875 583 2015 629 fluent
2048 585 2192 646 aquis,
2227 585 2276 631 ὅτ
2301 584 2401 633 fons
2424 603 2450 635 e

441 656 588 704 domo
611 652 804 714 Jehovae
842 650 1034 706 exibit,’'
1071 666 1154 698 1v:
1189 654 1243 699 18
1266 672 1282 705 ·‚
1318 649 1381 697 ibi
1417 649 1475 696 de
1497 649 1666 712 Regno
1687 649 1917 704 Domini;
1954 648 2055 695 sunt
2080 649 2320 712 spiritualia
2341 668 2448 715 quae

440 737 523 786 per
545 717 767 775 mustum,
803 732 884 782 per
908 717 993 773 iac,
1029 716 1079 764 &
1104 731 1183 780 per
1205 732 1362 780 aquas,
1396 715 1724 778 fignificantur,
1758 730 1958 778 quorum
1982 715 2255 763 abundantia
2286 719 2347 764 ita
2370 719 2450 765 de-

441 785 660 834 scribitur.
732 784 881 848 Apud
922 782 1196 840 Sachariam,
1232 788 1267 810 “
1292 783 1499 830 Servabit
1530 782 1630 830 illos
1655 781 1864 842 Jehovah
1892 782 2020 829 Deus
2060 782 2243 830 illorum
2290 784 2336 830 in
2375 785 2451 832 die

440 852 538 909 illo,
573 851 688 899 ficut
725 865 916 915 gregem
955 849 1185 914 populum
1220 847 1370 906 suurn,
1406 849 1513 912 quia
1543 860 1710 911 quanta
1739 847 1914 895 bonitas
1937 846 2049 911 ejus,
2085 850 2135 896 ὅτ
2156 861 2323 913 quanta
2346 850 2450 914 pul-

439 917 655 966 chritudo
690 915 804 982 ejus,
855 918 1130 965 Frumentum
1159 913 1378 980 juvenes,
1427 917 1476 963 &
1509 914 1702 975 Adustum
1738 916 1990 977 germinare
2029 913 2163 962 faciet
2199 916 2452 979 virgines,’'

442 1000 521 1033 rx:
550 985 622 1034 16.
655 999 727 1048 17.
799 982 948 1046 Apud
982 982 1231 1039 Davidem,
1269 986 1303 1009 ‘⁶
1326 980 1490 1028 Vifitas
1524 993 1706 1037 terram,
1742 981 1793 1028 &
1817 980 2047 1028 delectaris
2075 997 2142 1037 ea,
2176 981 2308 1030 valde
2332 983 2449 1031 ditas

438 1067 558 1108 eam,
604 1052 730 1098 rivus
765 1050 855 1097 Dei
901 1047 1060 1113 plenus
1105 1049 1251 1112 aquis,
1303 1063 1528 1112 praeparas
1562 1049 1838 1096 Frumentum
1876 1064 2033 1104 eorum,
2086 1047 2283 1096 induunt
2322 1061 2451 1112 prata

442 1133 652 1183 gregem,
702 1117 752 1165 ὅτ
788 1115 925 1164 valles
963 1116 1229 1179 operiuntur
1260 1115 1515 1170 Frumento,
1564 1113 1780 1177 plaudant
1825 1115 1961 1161 etiam
1991 1116 2233 1172 -cantent,''
2267 1115 2446 1163 Psalm:

443 1200 572 1232 va:
606 1201 678 1232 10.
710 1200 787 1243 14,
823 1181 928 1229 inde
951 1197 1072 1228 nunc
1094 1192 1236 1256 patet,
1269 1181 1385 1244 quid
1417 1178 1702 1255 frumentum
1727 1181 1776 1227 &
1801 1179 2020 1228 mustum.
2149 1248 2159 1257 .

445 1315 488 1363 se
513 1247 1016 1379 {ifflpfssffiengu23¹
1037 1246 1401 1376 {gfff-1223&
1415 1245 2449 1375 ΗιῇἳζῗεῗοζῖἓιΕέζξῗζὲῑςῖῖῑΐὲἒῖἑῗῗέἱὲξ

444 1381 573 1446 quod
611 1380 664 1428 sit
695 1381 752 1428 de
781 1381 916 1437 veris,
953 1379 1010 1426 de
1033 1395 1204 1443 quan:
1230 1379 1373 1444 2567.
1402 1396 1564 1444 34093
1601 1379 1649 1426 ὅτ
1689 1394 1747 1426 ex
1785 1378 2107 1442 fignificatione
2146 1381 2449 1444 populorum,

445 1447 575 1513 quod
614 1447 701 1494 fint
736 1463 855 1503 vera,
892 1446 950 1494 de
989 1462 1079 1510 qua
1111 1462 1172 1495 n:
1203 1462 1341 1510 1259.
1369 1445 1505 1495 1260.
1532 1450 1674 1509 2928.
1702 1462 1861 1509 32953
1898 1461 1978 1508 per
2007 1446 2204 1509 populos
2241 1449 2449 1510 primum

446 1511 704 1562 nominatos
734 1513 1044 1577 fignificantur
1065 1527 1172 1559 vera
1191 1511 1425 1568 Ecclefiae,
1459 1527 1565 1574 quae
1601 1527 1706 1559 vera
1745 1511 1984 1575 spiritualia
2021 1526 2261 1569 vocantur,
2295 1514 2346 1560 &
2369 1528 2451 1576 per

446 1579 644 1644 populos
683 1579 879 1628 secundo
915 1579 1175 1626 nominatos
1212 1593 1318 1624 vera
1351 1578 1476 1633 boni,
1511 1593 1618 1640 quae
1639 1577 1760 1624 bona
1789 1577 2029 1641 spiritualia
2051 1578 2168 1635 sunt,
2205 1580 2254 1626 ὅτ
2279 1578 2451 1643 respec-

445 1647 540 1694 tive
559 1639 664 1693 vera
685 1657 921 1701 vocantur,
958 1643 1199 1691 Charitatis
1238 1643 1358 1691 bona
1393 1642 1496 1690 sunt
1534 1643 1639 1689 talia
1675 1658 1810 1698 vera3
1846 1643 1954 1706 quia
1983 1643 2070 1692 hoc
2103 1644 2344 1692 discrimen
2367 1646 2450 1703 est,

446 1712 584 1760 etiam
619 1710 779 1776 populi
816 1711 970 1774 primo
993 1709 1097 1757 loco
1121 1710 1170 1757 &
1195 1707 1391 1757 secundo
1423 1724 1517 1756 non
1550 1707 1685 1756 fimili
1707 1723 1821 1758 voce
1844 1710 1892 1756 in
1913 1709 2101 1773 Lingua
2122 1710 2340 1770 Hebraea,
2376 1711 2452 1760 sed

447 1778 533 1826 alia
551 1776 690 1842 usque
713 1777 852 1834 affini,
888 1777 1222 1840 exprimuntur.

520 1849 662 1908 3582.
699 1843 813 1892 Esto
828 1843 968 1891 vherus
991 1841 1201 1890 fratribus
1237 1841 1344 1900 tuiS‚
1378 1842 1506 1907 quod
1543 1840 1764 1907 significet
1800 1840 2060 1892 dominium
2084 1843 2290 1907 primurn
2315 1861 2450 1909 appa-

449 1926 550 1958 rens
574 1909 820 1957 affectionis
845 1910 943 1956 veri
974 1909 1184 1956 naturalis
1205 1908 1334 1972 super
1355 1909 1611 1958 affectiones
1645 1909 1753 1957 boni
1786 1909 2010 1967 naturalis,
2045 1909 2218 1957 constat
2235 1927 2293 1958 ex
2315 1911 2453 1974 figni-

450 1976 659 2024 ficatione
694 1976 777 2022 effe
814 1975 963 2031 herus,
998 1974 1127 2037 quod
1166 1974 1219 2022 fit
1258 1975 1555 2032 dominium3
1592 1977 1641 2023 &
1665 1992 1691 2023 a
1721 1976 2046 2039 significatione
2080 1975 2290 2034 fratrum,
2323 1977 2454 2041 quod

450 2043 538 2090 fint
575 2041 828 2089 affeciiones
861 2040 986 2096 boni,
1023 2041 1096 2086 hic
1120 2041 1348 2097 naturalis,
1384 2041 1440 2088 de
1465 2057 1554 2104 qua
1576 2059 1637 2088 n:
1666 2044 1775 2105 367.
1798 2043 1940 2105 2360.
1961 2060 2086 2107 3303
2110 2065 2124 2098 3
2161 2043 2219 2090 de
2243 2043 2455 2092 dominio

450 2121 692 2173 apparente
731 2108 826 2154 veri
867 2106 995 2170 super
1034 2105 1227 2162 bonurn,
1263 2107 1434 2170 primo,
1467 2107 1676 2154 videatur
1709 2125 1772 2155 n:
1801 2111 1944 2172 ‘3324-
1973 2127 1998 2173 3
2007 2126 2115 2175 375.
2140 2126 2284 2174 3330.
2306 2127 2452 2175 3332.

453 2175 595 2240 3335·
619 2189 761 2238 3470·
782 2190 923 2250 3539·
947 2176 1089 2236 3548·
1113 2172 1420 2248 35593563·
1444 2187 1588 2248 3579-
2001 2240 2010 2250 ,

524 2245 666 2305 3583.
703 2240 767 2287 Et
789 2239 1092 2286 incurvabunt
1114 2238 1155 2286 se
1189 2238 1271 2286 tlbl
1304 2238 1388 2285 filu
1414 2252 1569 2285 matris
1602 2249 1713 2294 tuae,
1748 2237 1876 2301 quod
1899 2238 2123 2303 significet
2154 2240 2284 2305 super
2317 2242 2455 2291 affec·-

453 2308 598 2355 tiones
637 2305 828 2368 reliquas
860 2306 971 2362 veri,
1009 2303 1179 2352 constat
1203 2321 1230 2352 a
1251 2304 1576 2369 significatione
1608 2302 1828 2361 filiorum,
1863 2306 1991 2368 quod
2030 2308 2166 2354 etiam
2208 2308 2294 2354 sint
2329 2324 2453 2365 vera,

399 2368 410 2376 ”
455 2373 513 2419 de
551 2388 642 2435 qua
677 2388 737 2418 n:
764 2376 878 2436 489.
903 2389 1019 2435 491.
1046 2388 1156 2434 533.
1189 2387 1326 2435 1147.
1355 2373 1496 2434 2623.
1525 2387 1688 2434 33733
1733 2372 1783 2417 ὅτ
1823 2386 1879 2419 ex
1918 2371 2241 2434 fignificatione
2280 2377 2455 2432 matris,

456 2438 584 2502 quod
621 2437 673 2484 sit
712 2437 890 2484 affectio
926 2438 1020 2483 veri
1059 2436 1310 2500 spiritualis,
1347 2438 1395 2484 ὅτ
1437 2437 1541 2484 inde
1574 2436 1791 2492 Ecclesia,
1824 2438 1931 2500 quia
1953 2438 2150 2485 Ecclesia
2181 2455 2237 2485 ex
2271 2456 2380 2488 vero
2401 2442 2453 2489 ὅτ

455 2502 550 2568 ejus
575 2503 810 2551 affectione
832 2501 895 2550 est
919 2504 967 2550 ὅτ
992 2505 1052 2550 ita
1074 2515 1278 2559 vocatur,
1315 2503 1371 2549 de
1391 2519 1483 2566 qua
1502 2519 1533 2549 n
1553 2520 1566 2549 :-
1590 2507 1699 2568 289.
1721 2503 1864 2566 2691.
1885 2519 2029 2568 2717.

528 2588 553 2643 3
562 2574 670 2632 584.
709 2569 855 2632 Qod
881 2569 1193 2616 maledicentes
1227 2569 1310 2616 tibi
1350 2568 1631 2625 maledictuS,
1666 2568 1889 2631 significet
1912 2570 2039 2632 quod
2061 2570 2142 2634 qui
2165 2569 2453 2636 sedisjungit

457 2637 705 2700 disjunc'tus
729 2636 845 2690 erit;
881 2637 930 2682 ὅτ
961 2635 1088 2698 quod
1121 2634 1431 2682 benedicentes
1455 2634 1539 2694 tibi
1578 2635 1857 2692 benedidius,
1891 2635 2112 2700 fignificet
2150 2639 2230 2700 qui
2268 2637 2308 2684 se
2341 2655 2452 2686 con-

451 2701 608 2766 jungit
641 2700 906 2764 conjunCtus
938 2703 1038 2759 erit,
1075 2700 1245 2748 constat
1283 2717 1340 2748 ex
1378 2700 1700 2765 significatione
1738 2700 1965 2759 maledici,
1997 2703 2123 2766 quod
2153 2704 2205 2751 sit
2230 2702 2454 2768 disjungi,

459 2772 509 2816 &
534 2768 755 2823 benedici,
790 2767 915 2831 quod
941 2767 994 2814 fit
1016 2766 1253 2832 conjungi,
1289 2768 1346 2815 de
1365 2767 1531 2831 quibus
1557 2784 1617 2816 n:
1645 2786 1788 2832 3504.
1810 2786 1835 2833 3
1843 2785 1955 2831 514.
1976 2785 2120 2833 3530.
2141 2771 2295 2835 3565:
2334 2788 2452 2835 prae·

461 2834 668 2882 dicantur
698 2835 793 2880 haec
826 2834 882 2880 de
905 2835 1041 2891 veris,
1076 2835 1127 2882 &
1149 2851 1230 2898 per
1252 2833 1566 2882 maledicentes
1601 2834 1910 2898 significantur
1942 2834 2062 2892 falsa,
2096 2852 2202 2899 quae
2226 2839 2266 2884 se
2290 2853 2314 2884 a
2336 2839 2457 2885 veris

463 2897 717 2963 sejungunt,
755 2901 802 2947 ὅτ
828 2916 907 2963 per
928 2900 1239 2948 benedicentes
1263 2916 1384 2958 vera,
1419 2917 1527 2964 quae
1566 2900 1608 2949 se
1645 2901 1827 2964 reliquis
1865 2900 2154 2966 adjungunt:
2192 2919 2298 2950 cum
2322 2905 2458 2951 Veris

463 2966 585 3012 enim
609 2967 657 3013 &
682 2966 811 3012 bonis
843 2967 904 3013 ita
927 2965 968 3013 se
992 2966 1140 3023 habet,
1174 2967 1301 3030 quod
1337 2968 1452 3014 inter
1491 2966 1532 3015 se
1568 2966 1768 3016 forment
1799 2966 2072 3025 societatem,
2107 2970 2156 3016 ὅτ
2181 2970 2362 3016 tandem
2388 2969 2450 3016 fa-

465 3031 582 3077 ciant
618 3031 739 3093 quafi
780 3047 918 3079 unam
958 3033 1222 3088 civitatem·‚
1255 3033 1399 3081 taliter
1435 3049 1620 3098 quoque
1654 3034 1695 3081 se
1729 3034 2014 3090 consociant,
2051 3035 2139 3081 hoc
2171 3035 2298 3081 ducit
2328 3035 2451 3081 suam

465 3096 689 3156 originem
712 3113 737 3142 a
758 3095 903 3144 forma
936 3099 1063 3154 coeli,
1098 3100 1146 3145 in
1168 3115 1259 3162 qua
1279 3098 1427 3162 angeli
1450 3098 1698 3147 secundum
1722 3100 2122 3164 consanguinitates
2145 3101 2194 3147 ὅτ
2218 3102 2454 3146 affinitates

467 3159 573 3222 boni
596 3160 645 3207 &
670 3162 768 3208 veri
797 3162 994 3226 dispositi
1017 3163 1134 3223 sunt,
1169 3165 1217 3213 ὅτ
1244 3165 1303 3215 sic
1327 3165 1460 3215 fimul
1483 3165 1764 3214 constituunt
1790 3182 1936 3216 unum
1959 3169 2177 3230 Regnum
2212 3165 2281 3212 seu
2320 3181 2455 3212 unam

1431 3232 1471 3278 C
1507 3247 1533 3279 c
1567 3247 1592 3280 c
2197 3231 2459 3291 Civitatem,
