<?xml version="1.0" encoding="UTF-8"?>
<!DOCTYPE html PUBLIC "-//W3C//DTD XHTML 1.0 Transitional//EN"
    "http://www.w3.org/TR/xhtml1/DTD/xhtml1-transitional.dtd">
<html xmlns="http://www.w3.org/1999/xhtml" xml:lang="en" lang="en">
 <head>
  <title>
</title>
<meta http-equiv="Content-Type" content="text/html;charset=utf-8" />
  <meta name='ocr-system' content='tesseract 3.04.00' />
  <meta name='ocr-capabilities' content='ocr_page ocr_carea ocr_par ocr_line ocrx_word'/>
</head>
<body>
  <div class='ocr_page' id='page_1' title='image "arcanacaelestiaq03sweduoft_0102.png"; bbox 0 0 2872 3730; ppageno 0'>
   <div class='ocr_carea' id='block_1_1' title="bbox 482 207 1959 353">
    <p class='ocr_par' dir='ltr' id='par_1_1' title="bbox 482 207 1959 353">
     <span class='ocr_line' id='line_1_1' title="bbox 482 207 1959 353; baseline 0.003 -21"><span class='ocrx_word' id='word_1_1' title='bbox 482 268 566 353; x_wconf 72' lang='lat'>98</span> <span class='ocrx_word' id='word_1_2' title='bbox 997 207 1959 336; x_wconf 62' lang='lat' dir='ltr'><em>GENESJ-S.</em></span> 
     </span>
    </p>
   </div>
   <div class='ocr_carea' id='block_1_2' title="bbox 461 394 2486 1642">
    <p class='ocr_par' dir='ltr' id='par_1_2' title="bbox 461 394 2486 1642">
     <span class='ocr_line' id='line_1_2' title="bbox 483 394 2480 462; baseline 0.002 -17"><span class='ocrx_word' id='word_1_3' title='bbox 483 397 669 445; x_wconf 67' lang='lat' dir='ltr'>facultas</span> <span class='ocrx_word' id='word_1_4' title='bbox 708 395 764 444; x_wconf 89' lang='lat' dir='ltr'>ab</span> <span class='ocrx_word' id='word_1_5' title='bbox 800 394 950 453; x_wconf 72' lang='lat' dir='ltr'>altera,</span> <span class='ocrx_word' id='word_1_6' title='bbox 991 395 1164 462; x_wconf 75' lang='lat' dir='ltr'>&#39;nempe</span> <span class='ocrx_word' id='word_1_7' title='bbox 1198 397 1506 446; x_wconf 67' lang='lat' dir='ltr'>intelle&amp;ualis</span> <span class='ocrx_word' id='word_1_8' title='bbox 1542 413 1567 445; x_wconf 90' lang='lat' dir='ltr'>a</span> <span class='ocrx_word' id='word_1_9' title='bbox 1588 397 1855 454; x_wconf 81' lang='lat' dir='ltr'>voluntaria,</span> <span class='ocrx_word' id='word_1_10' title='bbox 1905 399 1953 446; x_wconf 77' lang='grc' dir='ltr'>δε</span> <span class='ocrx_word' id='word_1_11' title='bbox 1987 396 2129 445; x_wconf 85' lang='lat' dir='ltr'>homo</span> <span class='ocrx_word' id='word_1_12' title='bbox 2165 396 2315 462; x_wconf 84' lang='lat' dir='ltr'>quoad</span> <span class='ocrx_word' id='word_1_13' title='bbox 2347 395 2480 449; x_wconf 63' lang='lat' dir='ltr'>illam*</span> 
     </span>
     <span class='ocr_line' id='line_1_3' title="bbox 488 462 2481 527; baseline 0.003 -19"><span class='ocrx_word' id='word_1_14' title='bbox 488 477 680 526; x_wconf 83' lang='lat' dir='ltr'>partem,</span> <span class='ocrx_word' id='word_1_15' title='bbox 717 479 880 527; x_wconf 88' lang='lat' dir='ltr'>nempe</span> <span class='ocrx_word' id='word_1_16' title='bbox 921 464 1260 510; x_wconf 64' lang='lat' dir='ltr'>intellectualem</span> <span class='ocrx_word' id='word_1_17' title='bbox 1299 462 1566 511; x_wconf 82' lang='lat' dir='ltr'>reformatur</span> <span class='ocrx_word' id='word_1_18' title='bbox 1600 479 1626 512; x_wconf 92' lang='lat' dir='ltr'>a</span> <span class='ocrx_word' id='word_1_19' title='bbox 1650 466 1870 520; x_wconf 88' lang='lat' dir='ltr'>Domino,</span> <span class='ocrx_word' id='word_1_20' title='bbox 1905 465 1952 511; x_wconf 77' lang='grc' dir='ltr'>δι</span> <span class='ocrx_word' id='word_1_21' title='bbox 1978 465 2087 511; x_wconf 87' lang='lat' dir='ltr'>inibi</span> <span class='ocrx_word' id='word_1_22' title='bbox 2111 463 2333 513; x_wconf 84' lang='lat' dir='ltr'>formatur</span> <span class='ocrx_word' id='word_1_23' title='bbox 2356 482 2481 513; x_wconf 74' lang='lat' dir='ltr'>nova·</span> 
     </span>
     <span class='ocr_line' id='line_1_4' title="bbox 486 529 2471 595; baseline 0.002 -21"><span class='ocrx_word' id='word_1_24' title='bbox 486 529 697 575; x_wconf 78' lang='lat' dir='ltr'>voluntas</span> <span class='ocrx_word' id='word_1_25' title='bbox 721 531 768 576; x_wconf 78' lang='grc' dir='ltr'>ὅτ,</span> <span class='ocrx_word' id='word_1_26' title='bbox 795 544 939 576; x_wconf 86' lang='lat' dir='ltr'>novus</span> <span class='ocrx_word' id='word_1_27' title='bbox 979 530 1242 586; x_wconf 66' lang='lat' dir='ltr'>intellectus,</span> <span class='ocrx_word' id='word_1_28' title='bbox 1279 547 1339 577; x_wconf 89' lang='lat' dir='ltr'>n:</span> <span class='ocrx_word' id='word_1_29' title='bbox 1371 530 1477 594; x_wconf 85' lang='lat'>863.</span> <span class='ocrx_word' id='word_1_30' title='bbox 1508 534 1616 595; x_wconf 88' lang='lat'><strong><em>875.</em></strong></span> <span class='ocrx_word' id='word_1_31' title='bbox 1644 534 1752 594; x_wconf 83' lang='lat'><em>895.</em></span> <span class='ocrx_word' id='word_1_32' title='bbox 1776 535 1884 594; x_wconf 85' lang='lat'><em>897.</em></span> <span class='ocrx_word' id='word_1_33' title='bbox 1905 546 2015 594; x_wconf 81' lang='lat'><em>927.</em></span> <span class='ocrx_word' id='word_1_34' title='bbox 2037 535 2146 595; x_wconf 88' lang='lat'><strong>928.</strong></span> <span class='ocrx_word' id='word_1_35' title='bbox 2171 548 2471 595; x_wconf 74' lang='lat'>1023.1044.</span> 
     </span>
     <span class='ocr_line' id='line_1_5' title="bbox 492 594 2475 658; baseline 0.001 -16"><span class='ocrx_word' id='word_1_36' title='bbox 492 595 619 656; x_wconf 85' lang='lat'><strong>2256</strong></span> <span class='ocrx_word' id='word_1_37' title='bbox 640 617 654 649; x_wconf 92' lang='lat'>·‚</span> <span class='ocrx_word' id='word_1_38' title='bbox 692 611 810 643; x_wconf 84' lang='lat' dir='ltr'>nova</span> <span class='ocrx_word' id='word_1_39' title='bbox 828 595 1034 644; x_wconf 86' lang='lat' dir='ltr'>voluntas</span> <span class='ocrx_word' id='word_1_40' title='bbox 1067 595 1130 642; x_wconf 90' lang='lat' dir='ltr'>ibi</span> <span class='ocrx_word' id='word_1_41' title='bbox 1160 598 1264 658; x_wconf 84' lang='lat' dir='ltr'>quae</span> <span class='ocrx_word' id='word_1_42' title='bbox 1294 611 1319 642; x_wconf 91' lang='lat' dir='ltr'>a</span> <span class='ocrx_word' id='word_1_43' title='bbox 1339 594 1563 652; x_wconf 80' lang='lat' dir='ltr'>Domino,</span> <span class='ocrx_word' id='word_1_44' title='bbox 1598 595 1662 642; x_wconf 87' lang='lat' dir='ltr'>est</span> <span class='ocrx_word' id='word_1_45' title='bbox 1682 611 1789 658; x_wconf 88' lang='lat' dir='ltr'>quae</span> <span class='ocrx_word' id='word_1_46' title='bbox 1813 609 2002 643; x_wconf 87' lang='lat' dir='ltr'>vocatur</span> <span class='ocrx_word' id='word_1_47' title='bbox 2027 613 2122 653; x_wconf 86' lang='lat' dir='ltr'>cor,</span> <span class='ocrx_word' id='word_1_48' title='bbox 2158 597 2206 644; x_wconf 75' lang='grc' dir='ltr'>ὅτ</span> <span class='ocrx_word' id='word_1_49' title='bbox 2233 613 2379 646; x_wconf 88' lang='lat' dir='ltr'>novus</span> <span class='ocrx_word' id='word_1_50' title='bbox 2404 599 2475 644; x_wconf 81' lang='lat' dir='ltr'>in-</span> 
     </span>
     <span class='ocr_line' id='line_1_6' title="bbox 488 661 2473 724; baseline 0.002 -18"><span class='ocrx_word' id='word_1_51' title='bbox 488 661 692 707; x_wconf 59' lang='lat' dir='ltr'>tellectus</span> <span class='ocrx_word' id='word_1_52' title='bbox 714 663 795 724; x_wconf 91' lang='lat' dir='ltr'>qui</span> <span class='ocrx_word' id='word_1_53' title='bbox 816 674 1004 708; x_wconf 86' lang='lat' dir='ltr'>vocatur</span> <span class='ocrx_word' id='word_1_54' title='bbox 1026 663 1213 718; x_wconf 87' lang='lat' dir='ltr'>Anima,</span> <span class='ocrx_word' id='word_1_55' title='bbox 1249 661 1298 708; x_wconf 68' lang='grc' dir='ltr'>δε</span> <span class='ocrx_word' id='word_1_56' title='bbox 1329 677 1436 708; x_wconf 89' lang='lat' dir='ltr'>cum</span> <span class='ocrx_word' id='word_1_57' title='bbox 1461 661 1629 708; x_wconf 85' lang='lat' dir='ltr'>dicitur</span> <span class='ocrx_word' id='word_1_58' title='bbox 1659 676 1716 708; x_wconf 88' lang='lat' dir='ltr'>ex</span> <span class='ocrx_word' id='word_1_59' title='bbox 1747 662 2006 719; x_wconf 72' lang='lat' dir='ltr'><strong>totocorde</strong></span> <span class='ocrx_word' id='word_1_60' title='bbox 2028 664 2078 710; x_wconf 72' lang='grc' dir='ltr'>δε</span> <span class='ocrx_word' id='word_1_61' title='bbox 2109 677 2166 710; x_wconf 86' lang='lat' dir='ltr'>ex</span> <span class='ocrx_word' id='word_1_62' title='bbox 2188 674 2284 711; x_wconf 80' lang='lat' dir='ltr'>tota</span> <span class='ocrx_word' id='word_1_63' title='bbox 2305 666 2473 720; x_wconf 82' lang='lat' dir='ltr'>anima,</span> 
     </span>
     <span class='ocr_line' id='line_1_7' title="bbox 489 726 2477 792; baseline 0.003 -21"><span class='ocrx_word' id='word_1_64' title='bbox 489 726 766 788; x_wconf 78' lang='lat' dir='ltr'>significatur</span> <span class='ocrx_word' id='word_1_65' title='bbox 800 728 927 791; x_wconf 88' lang='lat' dir='ltr'>quod</span> <span class='ocrx_word' id='word_1_66' title='bbox 965 743 1021 777; x_wconf 82' lang='lat' dir='ltr'>ex</span> <span class='ocrx_word' id='word_1_67' title='bbox 1059 729 1188 774; x_wconf 89' lang='lat' dir='ltr'>omni</span> <span class='ocrx_word' id='word_1_68' title='bbox 1220 727 1452 775; x_wconf 89' lang='lat' dir='ltr'>voluntate</span> <span class='ocrx_word' id='word_1_69' title='bbox 1481 728 1530 773; x_wconf 73' lang='grc' dir='ltr'>δι</span> <span class='ocrx_word' id='word_1_70' title='bbox 1554 742 1609 774; x_wconf 87' lang='lat' dir='ltr'>ex</span> <span class='ocrx_word' id='word_1_71' title='bbox 1638 728 1767 774; x_wconf 80' lang='lat' dir='ltr'>omni</span> <span class='ocrx_word' id='word_1_72' title='bbox 1797 727 2193 776; x_wconf 60' lang='lat' dir='ltr'>intellecturhaec</span> <span class='ocrx_word' id='word_1_73' title='bbox 2231 728 2333 776; x_wconf 86' lang='lat' dir='ltr'>sunt</span> <span class='ocrx_word' id='word_1_74' title='bbox 2368 745 2477 792; x_wconf 76' lang='lat' dir='ltr'>quae</span> 
     </span>
     <span class='ocr_line' id='line_1_8' title="bbox 489 792 2473 856; baseline 0.002 -18"><span class='ocrx_word' id='word_1_75' title='bbox 489 792 797 855; x_wconf 79' lang='lat' dir='ltr'>significantur</span> <span class='ocrx_word' id='word_1_76' title='bbox 839 809 922 856; x_wconf 84' lang='lat' dir='ltr'>per</span> <span class='ocrx_word' id='word_1_77' title='bbox 954 809 1032 840; x_wconf 88' lang='lat' dir='ltr'>cor</span> <span class='ocrx_word' id='word_1_78' title='bbox 1069 794 1118 840; x_wconf 74' lang='grc' dir='ltr'>δε</span> <span class='ocrx_word' id='word_1_79' title='bbox 1159 794 1375 849; x_wconf 87' lang='lat' dir='ltr'>animam,</span> <span class='ocrx_word' id='word_1_80' title='bbox 1411 792 1535 856; x_wconf 85' lang='lat' dir='ltr'>apud-</span> <span class='ocrx_word' id='word_1_81' title='bbox 1556 792 1738 848; x_wconf 83' lang='lat' dir='ltr'>Mosen,</span> <span class='ocrx_word' id='word_1_82' title='bbox 1776 796 1809 820; x_wconf 80' lang='lat'>‘⁸</span> <span class='ocrx_word' id='word_1_83' title='bbox 1835 794 2025 840; x_wconf 85' lang='lat' dir='ltr'>Amabis</span> <span class='ocrx_word' id='word_1_84' title='bbox 2058 795 2282 856; x_wconf 84' lang='lat' dir='ltr'>Jehovam</span> <span class='ocrx_word' id='word_1_85' title='bbox 2317 796 2473 842; x_wconf 85' lang='lat' dir='ltr'>Deum</span> 
     </span>
     <span class='ocr_line' id='line_1_9' title="bbox 491 858 2473 918; baseline 0.003 -15"><span class='ocrx_word' id='word_1_86' title='bbox 491 870 624 904; x_wconf 89' lang='lat' dir='ltr'>tuum</span> <span class='ocrx_word' id='word_1_87' title='bbox 656 861 765 906; x_wconf 86' lang='lat' dir='ltr'>omni</span> <span class='ocrx_word' id='word_1_88' title='bbox 804 859 922 906; x_wconf 82' lang='lat' dir='ltr'>corde</span> <span class='ocrx_word' id='word_1_89' title='bbox 961 872 1058 915; x_wconf 92' lang='lat' dir='ltr'>tuo,</span> <span class='ocrx_word' id='word_1_90' title='bbox 1093 860 1143 907; x_wconf 76' lang='grc' dir='ltr'>ὅτ</span> <span class='ocrx_word' id='word_1_91' title='bbox 1175 862 1285 906; x_wconf 74' lang='lat' dir='ltr'>omni</span> <span class='ocrx_word' id='word_1_92' title='bbox 1306 861 1466 906; x_wconf 83' lang='lat' dir='ltr'>Anima</span> <span class='ocrx_word' id='word_1_93' title='bbox 1507 871 1608 916; x_wconf 77' lang='lat' dir='ltr'>tua„</span> <span class='ocrx_word' id='word_1_94' title='bbox 1636 860 1685 906; x_wconf 77' lang='grc' dir='ltr'>δε</span> <span class='ocrx_word' id='word_1_95' title='bbox 1706 858 1920 906; x_wconf 78' lang='lat' dir='ltr'>omnibus</span> <span class='ocrx_word' id='word_1_96' title='bbox 1942 859 2112 907; x_wconf 78' lang='lat' dir='ltr'>viribus</span> <span class='ocrx_word' id='word_1_97' title='bbox 2143 861 2283 918; x_wconf 83' lang='lat' dir='ltr'>tuis,’&#39;</span> <span class='ocrx_word' id='word_1_98' title='bbox 2317 862 2473 910; x_wconf 83' lang='lat' dir='ltr'>Deut:</span> 
     </span>
     <span class='ocr_line' id='line_1_10' title="bbox 490 921 2472 989; baseline 0.003 -21"><span class='ocrx_word' id='word_1_99' title='bbox 490 938 544 969; x_wconf 76' lang='lat' dir='ltr'>vi</span> <span class='ocrx_word' id='word_1_100' title='bbox 565 943 575 971; x_wconf 92' lang='lat'>:</span> <span class='ocrx_word' id='word_1_101' title='bbox 605 940 631 984; x_wconf 83' lang='lat'><em>5</em></span> <span class='ocrx_word' id='word_1_102' title='bbox 654 943 664 971; x_wconf 76' lang='grc' dir='ltr'>ε</span> <span class='ocrx_word' id='word_1_103' title='bbox 700 926 822 987; x_wconf 86' lang='lat' dir='ltr'>apud</span> <span class='ocrx_word' id='word_1_104' title='bbox 847 926 1076 982; x_wconf 76' lang='lat' dir='ltr'>Eundem,</span> <span class='ocrx_word' id='word_1_105' title='bbox 1115 930 1148 951; x_wconf 74' lang='lat'>‘⁶</span> <span class='ocrx_word' id='word_1_106' title='bbox 1172 926 1312 972; x_wconf 89' lang='lat' dir='ltr'>Nunc</span> <span class='ocrx_word' id='word_1_107' title='bbox 1337 925 1481 980; x_wconf 76' lang='lat' dir='ltr'>Israel,</span> <span class='ocrx_word' id='word_1_108' title='bbox 1517 925 1628 989; x_wconf 87' lang='lat' dir='ltr'>quid</span> <span class='ocrx_word' id='word_1_109' title='bbox 1654 921 1860 985; x_wconf 83' lang='lat' dir='ltr'>Jehovah</span> <span class='ocrx_word' id='word_1_110' title='bbox 1882 926 2010 973; x_wconf 82' lang='lat' dir='ltr'>Deus</span> <span class='ocrx_word' id='word_1_111' title='bbox 2047 937 2153 973; x_wconf 84' lang='lat' dir='ltr'>tuus</span> <span class='ocrx_word' id='word_1_112' title='bbox 2185 939 2340 989; x_wconf 82' lang='lat' dir='ltr'>petens</span> <span class='ocrx_word' id='word_1_113' title='bbox 2365 942 2389 973; x_wconf 91' lang='lat' dir='ltr'>a</span> <span class='ocrx_word' id='word_1_114' title='bbox 2411 939 2472 985; x_wconf 89' lang='lat' dir='ltr'>te,</span> 
     </span>
     <span class='ocr_line' id='line_1_11' title="bbox 491 987 2486 1058; baseline 0.003 -24"><span class='ocrx_word' id='word_1_115' title='bbox 491 990 571 1035; x_wconf 84' lang='lat' dir='ltr'>nifi</span> <span class='ocrx_word' id='word_1_116' title='bbox 595 990 650 1036; x_wconf 91' lang='lat' dir='ltr'>ad</span> <span class='ocrx_word' id='word_1_117' title='bbox 678 990 933 1037; x_wconf 87' lang='lat' dir='ltr'>timendum</span> <span class='ocrx_word' id='word_1_118' title='bbox 958 991 1179 1051; x_wconf 83' lang='lat' dir='ltr'>Jehovam</span> <span class='ocrx_word' id='word_1_119' title='bbox 1205 987 1359 1038; x_wconf 86' lang='lat' dir='ltr'>Deum</span> <span class='ocrx_word' id='word_1_120' title='bbox 1385 1002 1535 1047; x_wconf 88' lang='lat' dir='ltr'>tuum,</span> <span class='ocrx_word' id='word_1_121' title='bbox 1571 991 1630 1038; x_wconf 86' lang='lat' dir='ltr'>ad</span> <span class='ocrx_word' id='word_1_122' title='bbox 1651 991 1851 1040; x_wconf 88' lang='lat' dir='ltr'>eundum</span> <span class='ocrx_word' id='word_1_123' title='bbox 1887 992 1934 1038; x_wconf 85' lang='lat' dir='ltr'>in</span> <span class='ocrx_word' id='word_1_124' title='bbox 1969 992 2183 1039; x_wconf 81' lang='lat' dir='ltr'>omnibus</span> <span class='ocrx_word' id='word_1_125' title='bbox 2205 993 2291 1039; x_wconf 86' lang='lat' dir='ltr'>viis</span> <span class='ocrx_word' id='word_1_126' title='bbox 2313 992 2486 1058; x_wconf 68' lang='lat' dir='ltr'>Ipsius,-x</span> 
     </span>
     <span class='ocr_line' id='line_1_12' title="bbox 490 1056 2473 1120; baseline 0.002 -19"><span class='ocrx_word' id='word_1_127' title='bbox 490 1057 540 1102; x_wconf 74' lang='grc' dir='ltr'>δε</span> <span class='ocrx_word' id='word_1_128' title='bbox 565 1056 620 1117; x_wconf 81' lang='lat' dir='ltr'>ad</span> <span class='ocrx_word' id='word_1_129' title='bbox 642 1057 886 1102; x_wconf 83' lang='lat' dir='ltr'>amandum</span> <span class='ocrx_word' id='word_1_130' title='bbox 912 1056 1081 1120; x_wconf 88' lang='lat' dir='ltr'>Ipsum,</span> <span class='ocrx_word' id='word_1_131' title='bbox 1118 1058 1167 1103; x_wconf 75' lang='grc' dir='ltr'>δε</span> <span class='ocrx_word' id='word_1_132' title='bbox 1205 1058 1262 1103; x_wconf 88' lang='lat' dir='ltr'>ad</span> <span class='ocrx_word' id='word_1_133' title='bbox 1301 1056 1586 1104; x_wconf 77' lang='lat' dir='ltr'>serviendum</span> <span class='ocrx_word' id='word_1_134' title='bbox 1611 1056 1802 1117; x_wconf 80' lang='lat' dir='ltr'>Jehovae</span> <span class='ocrx_word' id='word_1_135' title='bbox 1822 1058 1926 1105; x_wconf 87' lang='lat' dir='ltr'>Deo</span> <span class='ocrx_word' id='word_1_136' title='bbox 1958 1069 2055 1115; x_wconf 77' lang='grc' dir='ltr'>ωο,</span> <span class='ocrx_word' id='word_1_137' title='bbox 2092 1061 2201 1105; x_wconf 86' lang='lat' dir='ltr'>omni</span> <span class='ocrx_word' id='word_1_138' title='bbox 2223 1059 2343 1106; x_wconf 82' lang='lat' dir='ltr'>corde</span> <span class='ocrx_word' id='word_1_139' title='bbox 2374 1069 2473 1115; x_wconf 86' lang='lat' dir='ltr'>tuo,</span> 
     </span>
     <span class='ocr_line' id='line_1_13' title="bbox 491 1123 2474 1186; baseline 0.002 -18"><span class='ocrx_word' id='word_1_140' title='bbox 491 1123 540 1168; x_wconf 83' lang='lat'>&amp;</span> <span class='ocrx_word' id='word_1_141' title='bbox 580 1124 707 1168; x_wconf 87' lang='lat' dir='ltr'>omni</span> <span class='ocrx_word' id='word_1_142' title='bbox 745 1124 888 1168; x_wconf 77' lang='lat' dir='ltr'>anima</span> <span class='ocrx_word' id='word_1_143' title='bbox 924 1124 1049 1177; x_wconf 81' lang='lat' dir='ltr'>tua,’&#39;</span> <span class='ocrx_word' id='word_1_144' title='bbox 1090 1123 1239 1169; x_wconf 84' lang='lat' dir='ltr'>Deut:</span> <span class='ocrx_word' id='word_1_145' title='bbox 1269 1138 1329 1168; x_wconf 88' lang='lat' dir='ltr'>x:</span> <span class='ocrx_word' id='word_1_146' title='bbox 1363 1139 1432 1170; x_wconf 84' lang='lat'>12.</span> <span class='ocrx_word' id='word_1_147' title='bbox 1486 1123 1614 1186; x_wconf 82' lang='lat' dir='ltr'>Cap:</span> <span class='ocrx_word' id='word_1_148' title='bbox 1640 1139 1724 1170; x_wconf 70' lang='lat' dir='ltr'>xi:</span> <span class='ocrx_word' id='word_1_149' title='bbox 1758 1140 1846 1185; x_wconf 81' lang='lat'>13:</span> <span class='ocrx_word' id='word_1_150' title='bbox 1896 1124 2018 1186; x_wconf 86' lang='lat' dir='ltr'>apud</span> <span class='ocrx_word' id='word_1_151' title='bbox 2056 1124 2289 1181; x_wconf 81' lang='lat' dir='ltr'>Eundem,</span> <span class='ocrx_word' id='word_1_152' title='bbox 2327 1128 2360 1151; x_wconf 90' lang='lat'><strong>“</strong></span> <span class='ocrx_word' id='word_1_153' title='bbox 2384 1125 2474 1172; x_wconf 72' lang='lat' dir='ltr'>me</span> 
     </span>
     <span class='ocr_line' id='line_1_14' title="bbox 461 1185 2472 1251; baseline 0.001 -18"><span class='ocrx_word' id='word_1_154' title='bbox 461 1189 464 1191; x_wconf 69' lang='grc'><strong>’</strong></span> <span class='ocrx_word' id='word_1_155' title='bbox 488 1187 576 1233; x_wconf 90' lang='lat' dir='ltr'>hoc</span> <span class='ocrx_word' id='word_1_156' title='bbox 600 1188 804 1248; x_wconf 79' lang='lat' dir='ltr'>Jehovah</span> <span class='ocrx_word' id='word_1_157' title='bbox 828 1188 951 1233; x_wconf 86' lang='lat' dir='ltr'>Deus</span> <span class='ocrx_word' id='word_1_158' title='bbox 983 1200 1088 1233; x_wconf 90' lang='lat' dir='ltr'>tuus</span> <span class='ocrx_word' id='word_1_159' title='bbox 1119 1188 1387 1250; x_wconf 62' lang='lat' dir='ltr'>praecipiens</span> <span class='ocrx_word' id='word_1_160' title='bbox 1419 1186 1499 1233; x_wconf 90' lang='lat' dir='ltr'>tibi</span> <span class='ocrx_word' id='word_1_161' title='bbox 1532 1187 1587 1233; x_wconf 86' lang='lat' dir='ltr'>ad</span> <span class='ocrx_word' id='word_1_162' title='bbox 1620 1185 1876 1234; x_wconf 83' lang='lat' dir='ltr'>faciendum</span> <span class='ocrx_word' id='word_1_163' title='bbox 1907 1188 2068 1235; x_wconf 52' lang='lat' dir='ltr'>statuta&gt;</span> <span class='ocrx_word' id='word_1_164' title='bbox 2096 1189 2194 1235; x_wconf 71' lang='lat' dir='ltr'>haec</span> <span class='ocrx_word' id='word_1_165' title='bbox 2218 1190 2266 1236; x_wconf 88' lang='lat'>&amp;</span> <span class='ocrx_word' id='word_1_166' title='bbox 2283 1187 2472 1251; x_wconf 77' lang='lat' dir='ltr'>judicia,</span> 
     </span>
     <span class='ocr_line' id='line_1_15' title="bbox 488 1250 2470 1308; baseline 0.001 -9"><span class='ocrx_word' id='word_1_167' title='bbox 488 1253 538 1299; x_wconf 74' lang='grc' dir='ltr'>δε</span> <span class='ocrx_word' id='word_1_168' title='bbox 563 1253 782 1300; x_wconf 84' lang='lat' dir='ltr'>custodias</span> <span class='ocrx_word' id='word_1_169' title='bbox 808 1254 850 1299; x_wconf 70' lang='grc' dir='ltr'>ἃ</span> <span class='ocrx_word' id='word_1_170' title='bbox 879 1250 1013 1299; x_wconf 88' lang='lat' dir='ltr'>facias</span> <span class='ocrx_word' id='word_1_171' title='bbox 1037 1253 1126 1308; x_wconf 87' lang='lat' dir='ltr'>illa,</span> <span class='ocrx_word' id='word_1_172' title='bbox 1162 1264 1249 1300; x_wconf 83' lang='lat' dir='ltr'>toto</span> <span class='ocrx_word' id='word_1_173' title='bbox 1272 1253 1391 1300; x_wconf 78' lang='lat' dir='ltr'>corde</span> <span class='ocrx_word' id='word_1_174' title='bbox 1414 1265 1496 1299; x_wconf 90' lang='lat' dir='ltr'>tuo</span> <span class='ocrx_word' id='word_1_175' title='bbox 1519 1253 1568 1298; x_wconf 71' lang='grc' dir='ltr'>δε</span> <span class='ocrx_word' id='word_1_176' title='bbox 1592 1262 1685 1299; x_wconf 88' lang='lat' dir='ltr'>tota</span> <span class='ocrx_word' id='word_1_177' title='bbox 1707 1255 1852 1298; x_wconf 84' lang='lat' dir='ltr'>anima</span> <span class='ocrx_word' id='word_1_178' title='bbox 1874 1255 1999 1308; x_wconf 47' lang='lat' dir='ltr'>tua?</span> <span class='ocrx_word' id='word_1_179' title='bbox 2033 1254 2189 1300; x_wconf 60' lang='lat' dir='ltr'>Dent:</span> <span class='ocrx_word' id='word_1_180' title='bbox 2215 1269 2333 1300; x_wconf 67' lang='lat' dir='ltr'>xxv}</span> <span class='ocrx_word' id='word_1_181' title='bbox 2354 1272 2365 1301; x_wconf 71' lang='grc' dir='ltr'>ε</span> <span class='ocrx_word' id='word_1_182' title='bbox 2397 1256 2470 1302; x_wconf 89' lang='lat'>16.</span> 
     </span>
     <span class='ocr_line' id='line_1_16' title="bbox 487 1311 2471 1381; baseline 0.001 -17"><span class='ocrx_word' id='word_1_183' title='bbox 487 1319 534 1364; x_wconf 91' lang='lat' dir='ltr'>in</span> <span class='ocrx_word' id='word_1_184' title='bbox 558 1319 703 1365; x_wconf 85' lang='lat' dir='ltr'>Libro</span> <span class='ocrx_word' id='word_1_185' title='bbox 727 1320 932 1381; x_wconf 84' lang='lat' dir='ltr'><strong>Regum,</strong></span> <span class='ocrx_word' id='word_1_186' title='bbox 954 1324 1006 1364; x_wconf 87' lang='lat'>.“</span> <span class='ocrx_word' id='word_1_187' title='bbox 1029 1319 1181 1366; x_wconf 86' lang='lat' dir='ltr'>David</span> <span class='ocrx_word' id='word_1_188' title='bbox 1205 1318 1262 1366; x_wconf 86' lang='lat' dir='ltr'>ad</span> <span class='ocrx_word' id='word_1_189' title='bbox 1287 1318 1595 1374; x_wconf 85' lang='lat' dir='ltr'>Salomonem,</span> <span class='ocrx_word' id='word_1_190' title='bbox 1632 1311 1818 1364; x_wconf 87' lang='lat' dir='ltr'>stabiliet</span> <span class='ocrx_word' id='word_1_191' title='bbox 1849 1317 2057 1378; x_wconf 84' lang='lat' dir='ltr'>Jehovah</span> <span class='ocrx_word' id='word_1_192' title='bbox 2094 1317 2288 1366; x_wconf 86' lang='lat' dir='ltr'>verbum</span> <span class='ocrx_word' id='word_1_193' title='bbox 2322 1318 2471 1376; x_wconf 81' lang='lat' dir='ltr'>suum,</span> 
     </span>
     <span class='ocr_line' id='line_1_17' title="bbox 486 1382 2472 1447; baseline 0.001 -17"><span class='ocrx_word' id='word_1_194' title='bbox 486 1385 612 1445; x_wconf 85' lang='lat' dir='ltr'>quod</span> <span class='ocrx_word' id='word_1_195' title='bbox 650 1385 865 1447; x_wconf 85' lang='lat' dir='ltr'>loquutus</span> <span class='ocrx_word' id='word_1_196' title='bbox 905 1384 1034 1447; x_wconf 89' lang='lat' dir='ltr'>super</span> <span class='ocrx_word' id='word_1_197' title='bbox 1073 1401 1165 1440; x_wconf 91' lang='lat' dir='ltr'>me,</span> <span class='ocrx_word' id='word_1_198' title='bbox 1200 1385 1412 1441; x_wconf 89' lang='lat' dir='ltr'>dicendo,</span> <span class='ocrx_word' id='word_1_199' title='bbox 1447 1384 1481 1431; x_wconf 88' lang='lat' dir='ltr'><strong>fi</strong></span> <span class='ocrx_word' id='word_1_200' title='bbox 1505 1383 1766 1431; x_wconf 80' lang='lat' dir='ltr'>custodiunt</span> <span class='ocrx_word' id='word_1_201' title='bbox 1787 1382 1869 1430; x_wconf 89' lang='lat' dir='ltr'>filii</span> <span class='ocrx_word' id='word_1_202' title='bbox 1891 1384 2015 1431; x_wconf 88' lang='lat' dir='ltr'>viam</span> <span class='ocrx_word' id='word_1_203' title='bbox 2055 1382 2198 1441; x_wconf 77' lang='lat' dir='ltr'>suam,</span> <span class='ocrx_word' id='word_1_204' title='bbox 2232 1384 2289 1432; x_wconf 89' lang='lat' dir='ltr'>ad</span> <span class='ocrx_word' id='word_1_205' title='bbox 2312 1385 2472 1432; x_wconf 86' lang='lat' dir='ltr'>ambu-</span> 
     </span>
     <span class='ocr_line' id='line_1_18' title="bbox 484 1449 2471 1508; baseline 0.001 -12"><span class='ocrx_word' id='word_1_206' title='bbox 484 1451 671 1498; x_wconf 80' lang='lat' dir='ltr'>landum</span> <span class='ocrx_word' id='word_1_207' title='bbox 697 1458 850 1498; x_wconf 84' lang='lat' dir='ltr'>coram</span> <span class='ocrx_word' id='word_1_208' title='bbox 877 1451 962 1497; x_wconf 90' lang='lat' dir='ltr'>Me</span> <span class='ocrx_word' id='word_1_209' title='bbox 984 1451 1033 1497; x_wconf 90' lang='lat' dir='ltr'>in</span> <span class='ocrx_word' id='word_1_210' title='bbox 1052 1452 1254 1506; x_wconf 87' lang='lat' dir='ltr'>veritate,</span> <span class='ocrx_word' id='word_1_211' title='bbox 1290 1453 1399 1498; x_wconf 79' lang='lat' dir='ltr'>omni</span> <span class='ocrx_word' id='word_1_212' title='bbox 1437 1451 1556 1498; x_wconf 89' lang='lat' dir='ltr'>corde</span> <span class='ocrx_word' id='word_1_213' title='bbox 1590 1449 1685 1507; x_wconf 89' lang='lat' dir='ltr'>suo,</span> <span class='ocrx_word' id='word_1_214' title='bbox 1721 1450 1771 1497; x_wconf 83' lang='lat'>&amp;</span> <span class='ocrx_word' id='word_1_215' title='bbox 1801 1452 1911 1497; x_wconf 85' lang='lat' dir='ltr'>omni</span> <span class='ocrx_word' id='word_1_216' title='bbox 1948 1452 2093 1498; x_wconf 83' lang='lat' dir='ltr'>anima</span> <span class='ocrx_word' id='word_1_217' title='bbox 2111 1488 2114 1491; x_wconf 91' lang='lat'>.</span> <span class='ocrx_word' id='word_1_218' title='bbox 2132 1449 2222 1508; x_wconf 84' lang='lat' dir='ltr'>sua,</span> <span class='ocrx_word' id='word_1_219' title='bbox 2258 1451 2471 1508; x_wconf 82' lang='lat' dir='ltr'>dicendo,</span> 
     </span>
     <span class='ocr_line' id='line_1_19' title="bbox 485 1515 2475 1580; baseline -0.002 -12"><span class='ocrx_word' id='word_1_220' title='bbox 485 1536 577 1568; x_wconf 91' lang='lat' dir='ltr'>non</span> <span class='ocrx_word' id='word_1_221' title='bbox 614 1517 895 1564; x_wconf 85' lang='lat' dir='ltr'>exscindetur</span> <span class='ocrx_word' id='word_1_222' title='bbox 929 1516 1010 1563; x_wconf 90' lang='lat' dir='ltr'>tibi</span> <span class='ocrx_word' id='word_1_223' title='bbox 1035 1518 1105 1563; x_wconf 90' lang='lat' dir='ltr'>vir</span> <span class='ocrx_word' id='word_1_224' title='bbox 1127 1533 1152 1564; x_wconf 89' lang='lat' dir='ltr'>a</span> <span class='ocrx_word' id='word_1_225' title='bbox 1175 1516 1304 1580; x_wconf 90' lang='lat' dir='ltr'>super</span> <span class='ocrx_word' id='word_1_226' title='bbox 1336 1517 1500 1563; x_wconf 87' lang='lat' dir='ltr'>throno</span> <span class='ocrx_word' id='word_1_227' title='bbox 1525 1515 1742 1572; x_wconf 80' lang='lat' dir='ltr'>IsraeliS‚”</span> <span class='ocrx_word' id='word_1_228' title='bbox 1783 1534 1802 1564; x_wconf 91' lang='lat'>1</span> <span class='ocrx_word' id='word_1_229' title='bbox 1830 1517 1963 1580; x_wconf 75' lang='lat' dir='ltr'>Reg:</span> <span class='ocrx_word' id='word_1_230' title='bbox 1994 1532 2069 1564; x_wconf 75' lang='lat'>11:</span> <span class='ocrx_word' id='word_1_231' title='bbox 2094 1532 2162 1577; x_wconf 72' lang='lat'>43</span> <span class='ocrx_word' id='word_1_232' title='bbox 2197 1516 2320 1580; x_wconf 83' lang='lat' dir='ltr'>apud</span> <span class='ocrx_word' id='word_1_233' title='bbox 2345 1518 2475 1566; x_wconf 84' lang='lat' dir='ltr'>Mat·-</span> 
     </span>
     <span class='ocr_line' id='line_1_20' title="bbox 485 1582 2472 1642; baseline -0.002 -8"><span class='ocrx_word' id='word_1_234' title='bbox 485 1587 678 1638; x_wconf 64' lang='lat' dir='ltr'>thaeum‚</span> <span class='ocrx_word' id='word_1_235' title='bbox 716 1588 749 1610; x_wconf 77' lang='lat'>‘⁶</span> <span class='ocrx_word' id='word_1_236' title='bbox 778 1582 1266 1636; x_wconf 71' lang='lat' dir='ltr'>AmabisDominum</span> <span class='ocrx_word' id='word_1_237' title='bbox 1306 1583 1456 1628; x_wconf 85' lang='lat' dir='ltr'>Deum</span> <span class='ocrx_word' id='word_1_238' title='bbox 1496 1594 1629 1628; x_wconf 87' lang='lat' dir='ltr'>tuum</span> <span class='ocrx_word' id='word_1_239' title='bbox 1659 1596 1724 1632; x_wconf 81' lang='lat' dir='ltr'>ex</span> <span class='ocrx_word' id='word_1_240' title='bbox 1761 1591 1850 1628; x_wconf 84' lang='lat' dir='ltr'>toto</span> <span class='ocrx_word' id='word_1_241' title='bbox 1888 1582 2009 1628; x_wconf 77' lang='lat' dir='ltr'>corde</span> <span class='ocrx_word' id='word_1_242' title='bbox 2045 1594 2145 1642; x_wconf 81' lang='lat' dir='ltr'>tuo,</span> <span class='ocrx_word' id='word_1_243' title='bbox 2195 1584 2247 1629; x_wconf 80' lang='grc' dir='ltr'>δε</span> <span class='ocrx_word' id='word_1_244' title='bbox 2285 1585 2335 1630; x_wconf 88' lang='lat' dir='ltr'>in</span> <span class='ocrx_word' id='word_1_245' title='bbox 2376 1584 2472 1631; x_wconf 66' lang='lat' dir='ltr'>tola?</span> 
     </span>
    </p>
   </div>
   <div class='ocr_carea' id='block_1_3' title="bbox 484 1646 2553 1712">
    <p class='ocr_par' dir='ltr' id='par_1_3' title="bbox 484 1646 2553 1712">
     <span class='ocr_line' id='line_1_21' title="bbox 484 1646 2553 1712; baseline -0.002 -14"><span class='ocrx_word' id='word_1_246' title='bbox 484 1653 626 1698; x_wconf 87' lang='lat' dir='ltr'>anima</span> <span class='ocrx_word' id='word_1_247' title='bbox 652 1648 777 1704; x_wconf 88' lang='lat' dir='ltr'>tua,”</span> <span class='ocrx_word' id='word_1_248' title='bbox 814 1664 955 1694; x_wconf 87' lang='lat' dir='ltr'>xx11:</span> <span class='ocrx_word' id='word_1_249' title='bbox 985 1664 1061 1710; x_wconf 84' lang='lat'>35.</span> <span class='ocrx_word' id='word_1_250' title='bbox 1098 1649 1261 1694; x_wconf 86' lang='lat' dir='ltr'>Marc:</span> <span class='ocrx_word' id='word_1_251' title='bbox 1288 1662 1395 1694; x_wconf 75' lang='lat' dir='ltr'>xri:</span> <span class='ocrx_word' id='word_1_252' title='bbox 1425 1664 1500 1712; x_wconf 85' lang='lat'>29.</span> <span class='ocrx_word' id='word_1_253' title='bbox 1529 1664 1606 1709; x_wconf 86' lang='lat'>30.</span> <span class='ocrx_word' id='word_1_254' title='bbox 1658 1646 1814 1692; x_wconf 86' lang='lat' dir='ltr'><strong>Simile</strong></span> <span class='ocrx_word' id='word_1_255' title='bbox 1850 1647 2120 1709; x_wconf 71' lang='lat' dir='ltr'>praedicatur</span> <span class='ocrx_word' id='word_1_256' title='bbox 2150 1648 2290 1694; x_wconf 88' lang='lat' dir='ltr'>etiam·</span> <span class='ocrx_word' id='word_1_257' title='bbox 2311 1648 2368 1694; x_wconf 88' lang='lat' dir='ltr'>de</span> <span class='ocrx_word' id='word_1_258' title='bbox 2391 1648 2470 1709; x_wconf 81' lang='lat' dir='ltr'>Je-</span> <span class='ocrx_word' id='word_1_259' title='bbox 2540 1647 2553 1665; x_wconf 65' lang='lat'><strong>¹</strong></span> 
     </span>
    </p>
   </div>
   <div class='ocr_carea' id='block_1_4' title="bbox 461 1710 2529 3225">
    <p class='ocr_par' dir='ltr' id='par_1_4' title="bbox 461 1710 2529 3225">
     <span class='ocr_line' id='line_1_22' title="bbox 486 1710 2529 1776; baseline -0.001 -12"><span class='ocrx_word' id='word_1_260' title='bbox 486 1715 633 1764; x_wconf 87' lang='lat' dir='ltr'>hovah</span> <span class='ocrx_word' id='word_1_261' title='bbox 657 1715 729 1760; x_wconf 88' lang='lat' dir='ltr'>seu</span> <span class='ocrx_word' id='word_1_262' title='bbox 746 1713 969 1768; x_wconf 89' lang='lat' dir='ltr'>Domino,</span> <span class='ocrx_word' id='word_1_263' title='bbox 1010 1713 1116 1776; x_wconf 86' lang='lat' dir='ltr'>quia</span> <span class='ocrx_word' id='word_1_264' title='bbox 1139 1712 1243 1759; x_wconf 91' lang='lat' dir='ltr'>inde</span> <span class='ocrx_word' id='word_1_265' title='bbox 1262 1711 1439 1760; x_wconf 62' lang='lat' dir='ltr'>affeetio</span> <span class='ocrx_word' id='word_1_266' title='bbox 1463 1713 1571 1759; x_wconf 92' lang='lat' dir='ltr'>boni</span> <span class='ocrx_word' id='word_1_267' title='bbox 1593 1727 1698 1775; x_wconf 84' lang='lat' dir='ltr'>quae</span> <span class='ocrx_word' id='word_1_268' title='bbox 1720 1710 2063 1768; x_wconf 77' lang='lat' dir='ltr'>estvoluntatis,</span> <span class='ocrx_word' id='word_1_269' title='bbox 2100 1713 2155 1759; x_wconf 67' lang='grc' dir='ltr'>δι’</span> <span class='ocrx_word' id='word_1_270' title='bbox 2172 1712 2350 1760; x_wconf 61' lang='lat' dir='ltr'>affeetio</span> <span class='ocrx_word' id='word_1_271' title='bbox 2373 1716 2468 1763; x_wconf 84' lang='lat' dir='ltr'>veri</span> <span class='ocrx_word' id='word_1_272' title='bbox 2525 1722 2529 1726; x_wconf 78' lang='grc'><em>’</em></span> 
     </span>
     <span class='ocr_line' id='line_1_23' title="bbox 483 1775 2468 1846; baseline -0.001 -16"><span class='ocrx_word' id='word_1_273' title='bbox 483 1799 590 1846; x_wconf 85' lang='lat' dir='ltr'>quae</span> <span class='ocrx_word' id='word_1_274' title='bbox 625 1779 688 1828; x_wconf 84' lang='lat' dir='ltr'>est</span> <span class='ocrx_word' id='word_1_275' title='bbox 727 1779 991 1835; x_wconf 62' lang='lat' dir='ltr'>intellectus,</span> <span class='ocrx_word' id='word_1_276' title='bbox 1026 1779 1147 1842; x_wconf 89' lang='lat' dir='ltr'>apud</span> <span class='ocrx_word' id='word_1_277' title='bbox 1170 1778 1402 1827; x_wconf 85' lang='lat' dir='ltr'>hominem</span> <span class='ocrx_word' id='word_1_278' title='bbox 1428 1776 1678 1833; x_wconf 78' lang='lat' dir='ltr'>Ecclefiae3</span> <span class='ocrx_word' id='word_1_279' title='bbox 1713 1789 1765 1825; x_wconf 90' lang='lat' dir='ltr'>ut</span> <span class='ocrx_word' id='word_1_280' title='bbox 1787 1775 1910 1841; x_wconf 85' lang='lat' dir='ltr'>apud</span> <span class='ocrx_word' id='word_1_281' title='bbox 1935 1778 2206 1836; x_wconf 78' lang='lat' dir='ltr'>Samuelem,</span> <span class='ocrx_word' id='word_1_282' title='bbox 2244 1784 2278 1806; x_wconf 75' lang='lat'>‘⁶</span> <span class='ocrx_word' id='word_1_283' title='bbox 2302 1780 2468 1828; x_wconf 81' lang='lat' dir='ltr'>Exsus-</span> 
     </span>
     <span class='ocr_line' id='line_1_24' title="bbox 483 1843 2467 1908; baseline -0.001 -12"><span class='ocrx_word' id='word_1_284' title='bbox 483 1847 632 1901; x_wconf 86' lang='lat' dir='ltr'>citabo</span> <span class='ocrx_word' id='word_1_285' title='bbox 656 1845 780 1892; x_wconf 85' lang='lat' dir='ltr'>Mihi</span> <span class='ocrx_word' id='word_1_286' title='bbox 816 1844 1089 1892; x_wconf 79' lang='lat' dir='ltr'>sacerdotem</span> <span class='ocrx_word' id='word_1_287' title='bbox 1127 1844 1328 1902; x_wconf 89' lang='lat' dir='ltr'>fidelem,</span> <span class='ocrx_word' id='word_1_288' title='bbox 1364 1844 1757 1908; x_wconf 84' lang='lat' dir='ltr'>quemadmodum</span> <span class='ocrx_word' id='word_1_289' title='bbox 1798 1845 1845 1890; x_wconf 87' lang='lat' dir='ltr'>in</span> <span class='ocrx_word' id='word_1_290' title='bbox 1867 1843 1998 1892; x_wconf 82' lang='lat' dir='ltr'>Corde</span> <span class='ocrx_word' id='word_1_291' title='bbox 2033 1860 2136 1901; x_wconf 84' lang='lat' dir='ltr'>meo,</span> <span class='ocrx_word' id='word_1_292' title='bbox 2173 1846 2222 1892; x_wconf 73' lang='grc' dir='ltr'>ὅτ</span> <span class='ocrx_word' id='word_1_293' title='bbox 2248 1845 2292 1891; x_wconf 83' lang='grc' dir='ltr'>ἰη</span> <span class='ocrx_word' id='word_1_294' title='bbox 2307 1846 2467 1894; x_wconf 83' lang='lat' dir='ltr'>Anima</span> 
     </span>
     <span class='ocr_line' id='line_1_25' title="bbox 484 1909 2465 1974; baseline -0.002 -12"><span class='ocrx_word' id='word_1_295' title='bbox 484 1915 623 1970; x_wconf 84' lang='lat' dir='ltr'>mea,”</span> <span class='ocrx_word' id='word_1_296' title='bbox 654 1930 672 1961; x_wconf 82' lang='lat'>1</span> <span class='ocrx_word' id='word_1_297' title='bbox 697 1912 831 1958; x_wconf 89' lang='lat' dir='ltr'>Sam:</span> <span class='ocrx_word' id='word_1_298' title='bbox 855 1912 913 1959; x_wconf 90' lang='lat' dir='ltr'>ii:</span> <span class='ocrx_word' id='word_1_299' title='bbox 943 1927 1035 1974; x_wconf 83' lang='lat'>35:</span> <span class='ocrx_word' id='word_1_300' title='bbox 1073 1911 1122 1957; x_wconf 76' lang='grc' dir='ltr'>ὅτ</span> <span class='ocrx_word' id='word_1_301' title='bbox 1145 1911 1267 1974; x_wconf 88' lang='lat' dir='ltr'>apud</span> <span class='ocrx_word' id='word_1_302' title='bbox 1291 1912 1554 1972; x_wconf 79' lang='lat' dir='ltr'>jeremiam,</span> <span class='ocrx_word' id='word_1_303' title='bbox 1591 1914 1627 1936; x_wconf 88' lang='lat'><strong>“</strong></span> <span class='ocrx_word' id='word_1_304' title='bbox 1650 1909 1874 1957; x_wconf 89' lang='lat' dir='ltr'>Gaudebo</span> <span class='ocrx_word' id='word_1_305' title='bbox 1896 1909 2027 1974; x_wconf 87' lang='lat' dir='ltr'>super</span> <span class='ocrx_word' id='word_1_306' title='bbox 2058 1910 2161 1968; x_wconf 86' lang='lat' dir='ltr'>illis,</span> <span class='ocrx_word' id='word_1_307' title='bbox 2200 1910 2256 1957; x_wconf 87' lang='lat' dir='ltr'>ad</span> <span class='ocrx_word' id='word_1_308' title='bbox 2290 1911 2465 1960; x_wconf 82' lang='lat' dir='ltr'>benefa-</span> 
     </span>
     <span class='ocr_line' id='line_1_26' title="bbox 484 1976 2466 2041; baseline -0.001 -13"><span class='ocrx_word' id='word_1_309' title='bbox 484 1979 698 2028; x_wconf 87' lang='lat' dir='ltr'>ciendum</span> <span class='ocrx_word' id='word_1_310' title='bbox 722 1977 826 2035; x_wconf 89' lang='lat' dir='ltr'>illis,</span> <span class='ocrx_word' id='word_1_311' title='bbox 863 1979 911 2024; x_wconf 70' lang='grc' dir='ltr'>δι</span> <span class='ocrx_word' id='word_1_312' title='bbox 936 1977 1149 2041; x_wconf 83' lang='lat' dir='ltr'>plantabo</span> <span class='ocrx_word' id='word_1_313' title='bbox 1172 1993 1246 2024; x_wconf 87' lang='lat' dir='ltr'>eos</span> <span class='ocrx_word' id='word_1_314' title='bbox 1271 1977 1317 2024; x_wconf 90' lang='lat' dir='ltr'>in</span> <span class='ocrx_word' id='word_1_315' title='bbox 1339 1987 1453 2024; x_wconf 88' lang='lat' dir='ltr'>terra</span> <span class='ocrx_word' id='word_1_316' title='bbox 1475 1976 1556 2024; x_wconf 91' lang='lat' dir='ltr'>hac</span> <span class='ocrx_word' id='word_1_317' title='bbox 1580 1977 1626 2023; x_wconf 88' lang='lat' dir='ltr'>in</span> <span class='ocrx_word' id='word_1_318' title='bbox 1649 1977 1854 2032; x_wconf 84' lang='lat' dir='ltr'>veritate,</span> <span class='ocrx_word' id='word_1_319' title='bbox 1874 1978 1984 2023; x_wconf 88' lang='lat' dir='ltr'>omni</span> <span class='ocrx_word' id='word_1_320' title='bbox 2000 1976 2130 2024; x_wconf 84' lang='lat' dir='ltr'>Corde</span> <span class='ocrx_word' id='word_1_321' title='bbox 2153 1993 2254 2034; x_wconf 84' lang='lat' dir='ltr'>meo,</span> <span class='ocrx_word' id='word_1_322' title='bbox 2280 1978 2329 2024; x_wconf 77' lang='grc' dir='ltr'>δε</span> <span class='ocrx_word' id='word_1_323' title='bbox 2354 1981 2466 2026; x_wconf 81' lang='lat' dir='ltr'>omni</span> 
     </span>
     <span class='ocr_line' id='line_1_27' title="bbox 481 2041 2466 2106; baseline -0.003 -10"><span class='ocrx_word' id='word_1_324' title='bbox 481 2048 638 2096; x_wconf 80' lang='lat' dir='ltr'>Anima</span> <span class='ocrx_word' id='word_1_325' title='bbox 650 2045 788 2102; x_wconf 85' lang='lat' dir='ltr'>mea‚&#39;&#39;</span> <span class='ocrx_word' id='word_1_326' title='bbox 813 2059 980 2092; x_wconf 63' lang='lat' dir='ltr'>xxxma</span> <span class='ocrx_word' id='word_1_327' title='bbox 1003 2061 1082 2103; x_wconf 89' lang='lat'>41.</span> <span class='ocrx_word' id='word_1_328' title='bbox 1119 2044 1273 2092; x_wconf 89' lang='lat' dir='ltr'>Etiam</span> <span class='ocrx_word' id='word_1_329' title='bbox 1289 2044 1446 2106; x_wconf 85' lang='lat' dir='ltr'>paffim</span> <span class='ocrx_word' id='word_1_330' title='bbox 1470 2042 1573 2089; x_wconf 85' lang='lat' dir='ltr'>alibi</span> <span class='ocrx_word' id='word_1_331' title='bbox 1597 2047 1642 2088; x_wconf 89' lang='lat' dir='ltr'>in</span> <span class='ocrx_word' id='word_1_332' title='bbox 1659 2041 1815 2088; x_wconf 90' lang='lat' dir='ltr'>Verbo</span> <span class='ocrx_word' id='word_1_333' title='bbox 1833 2042 2006 2089; x_wconf 89' lang='lat' dir='ltr'>Anima</span> <span class='ocrx_word' id='word_1_334' title='bbox 2027 2041 2250 2106; x_wconf 78' lang='lat' dir='ltr'>fignificat</span> <span class='ocrx_word' id='word_1_335' title='bbox 2265 2042 2466 2092; x_wconf 53' lang='lat' dir='ltr'>affestio&#39;-</span> 
     </span>
     <span class='ocr_line' id='line_1_28' title="bbox 480 2104 2464 2172; baseline -0.001 -12"><span class='ocrx_word' id='word_1_336' title='bbox 480 2128 589 2160; x_wconf 88' lang='lat' dir='ltr'>nem</span> <span class='ocrx_word' id='word_1_337' title='bbox 612 2112 724 2167; x_wconf 91' lang='lat' dir='ltr'>veri,</span> <span class='ocrx_word' id='word_1_338' title='bbox 759 2122 812 2157; x_wconf 88' lang='lat' dir='ltr'>ut</span> <span class='ocrx_word' id='word_1_339' title='bbox 835 2109 957 2172; x_wconf 89' lang='lat' dir='ltr'>apud</span> <span class='ocrx_word' id='word_1_340' title='bbox 978 2104 1172 2166; x_wconf 78' lang='lat' dir='ltr'>Esaiafn,</span> <span class='ocrx_word' id='word_1_341' title='bbox 1210 2114 1244 2137; x_wconf 90' lang='lat'><strong>“</strong></span> <span class='ocrx_word' id='word_1_342' title='bbox 1267 2111 1424 2158; x_wconf 87' lang='lat' dir='ltr'>Anima</span> <span class='ocrx_word' id='word_1_343' title='bbox 1447 2125 1537 2157; x_wconf 88' lang='lat' dir='ltr'>mea</span> <span class='ocrx_word' id='word_1_344' title='bbox 1559 2107 1805 2155; x_wconf 88' lang='lat' dir='ltr'>defideravi</span> <span class='ocrx_word' id='word_1_345' title='bbox 1816 2108 1890 2155; x_wconf 89' lang='lat' dir='ltr'>Te</span> <span class='ocrx_word' id='word_1_346' title='bbox 1913 2109 1960 2154; x_wconf 91' lang='lat' dir='ltr'>in</span> <span class='ocrx_word' id='word_1_347' title='bbox 1981 2109 2129 2169; x_wconf 63' lang='lat' dir='ltr'>nocte,</span> <span class='ocrx_word' id='word_1_348' title='bbox 2151 2110 2286 2156; x_wconf 88' lang='lat' dir='ltr'>etiam</span> <span class='ocrx_word' id='word_1_349' title='bbox 2308 2108 2464 2172; x_wconf 83' lang='lat' dir='ltr'>spiritu</span> 
     </span>
     <span class='ocr_line' id='line_1_29' title="bbox 481 2173 2464 2239; baseline -0.001 -14"><span class='ocrx_word' id='word_1_350' title='bbox 481 2194 587 2225; x_wconf 90' lang='lat' dir='ltr'>meo</span> <span class='ocrx_word' id='word_1_351' title='bbox 609 2178 653 2224; x_wconf 87' lang='lat' dir='ltr'>in</span> <span class='ocrx_word' id='word_1_352' title='bbox 679 2177 831 2224; x_wconf 89' lang='lat' dir='ltr'>medio</span> <span class='ocrx_word' id='word_1_353' title='bbox 855 2177 956 2223; x_wconf 87' lang='lat' dir='ltr'>Mei</span> <span class='ocrx_word' id='word_1_354' title='bbox 989 2175 1177 2238; x_wconf 87' lang='lat' dir='ltr'>quaefivi</span> <span class='ocrx_word' id='word_1_355' title='bbox 1198 2176 1270 2223; x_wconf 90' lang='lat' dir='ltr'>Te</span> <span class='ocrx_word' id='word_1_356' title='bbox 1294 2191 1439 2233; x_wconf 88' lang='lat' dir='ltr'>mane,</span> <span class='ocrx_word' id='word_1_357' title='bbox 1476 2176 1582 2239; x_wconf 87' lang='lat' dir='ltr'>quia</span> <span class='ocrx_word' id='word_1_358' title='bbox 1603 2174 1994 2238; x_wconf 88' lang='lat' dir='ltr'>quemadmodum</span> <span class='ocrx_word' id='word_1_359' title='bbox 2010 2173 2188 2237; x_wconf 81' lang='lat' dir='ltr'>judicia·</span> <span class='ocrx_word' id='word_1_360' title='bbox 2206 2186 2289 2222; x_wconf 87' lang='lat' dir='ltr'>tua-</span> <span class='ocrx_word' id='word_1_361' title='bbox 2313 2188 2464 2234; x_wconf 79' lang='lat' dir='ltr'>terrae,</span> 
     </span>
     <span class='ocr_line' id='line_1_30' title="bbox 471 2240 2465 2308; baseline -0.001 -18"><span class='ocrx_word' id='word_1_362' title='bbox 471 2242 693 2308; x_wconf 85' lang='lat' dir='ltr'>justitiam</span> <span class='ocrx_word' id='word_1_363' title='bbox 717 2241 893 2289; x_wconf 89' lang='lat' dir='ltr'>discunt</span> <span class='ocrx_word' id='word_1_364' title='bbox 915 2241 1178 2289; x_wconf 84' lang='lat' dir='ltr'>habitatores</span> <span class='ocrx_word' id='word_1_365' title='bbox 1202 2241 1371 2299; x_wconf 88' lang='lat' dir='ltr'>orbis,’&#39;</span> <span class='ocrx_word' id='word_1_366' title='bbox 1395 2256 1536 2289; x_wconf 86' lang='lat' dir='ltr'>xxv1:</span> <span class='ocrx_word' id='word_1_367' title='bbox 1558 2259 1605 2306; x_wconf 92' lang='lat'>9,</span> <span class='ocrx_word' id='word_1_368' title='bbox 1630 2240 1694 2287; x_wconf 91' lang='lat' dir='ltr'>ibi</span> <span class='ocrx_word' id='word_1_369' title='bbox 1717 2241 1864 2287; x_wconf 86' lang='lat' dir='ltr'>anima</span> <span class='ocrx_word' id='word_1_370' title='bbox 1885 2256 1970 2303; x_wconf 89' lang='lat' dir='ltr'>pro</span> <span class='ocrx_word' id='word_1_371' title='bbox 1985 2240 2220 2288; x_wconf 63' lang='lat' dir='ltr'>affectione</span> <span class='ocrx_word' id='word_1_372' title='bbox 2242 2241 2353 2298; x_wconf 87' lang='lat' dir='ltr'>veri,</span> <span class='ocrx_word' id='word_1_373' title='bbox 2377 2241 2465 2305; x_wconf 87' lang='lat' dir='ltr'>spi-</span> 
     </span>
     <span class='ocr_line' id='line_1_31' title="bbox 479 2305 2463 2372; baseline -0.001 -16"><span class='ocrx_word' id='word_1_374' title='bbox 479 2311 590 2357; x_wconf 92' lang='lat' dir='ltr'>ritus</span> <span class='ocrx_word' id='word_1_375' title='bbox 614 2325 698 2372; x_wconf 89' lang='lat' dir='ltr'>pro</span> <span class='ocrx_word' id='word_1_376' title='bbox 723 2308 955 2355; x_wconf 67' lang='lat' dir='ltr'>affectione</span> <span class='ocrx_word' id='word_1_377' title='bbox 969 2307 1093 2364; x_wconf 90' lang='lat' dir='ltr'>boni,</span> <span class='ocrx_word' id='word_1_378' title='bbox 1118 2309 1245 2372; x_wconf 90' lang='lat' dir='ltr'>quod</span> <span class='ocrx_word' id='word_1_379' title='bbox 1262 2306 1431 2371; x_wconf 88' lang='lat' dir='ltr'>judicia</span> <span class='ocrx_word' id='word_1_380' title='bbox 1446 2308 1747 2372; x_wconf 72' lang='lat' dir='ltr'>praedicentur</span> <span class='ocrx_word' id='word_1_381' title='bbox 1771 2307 1829 2354; x_wconf 90' lang='lat' dir='ltr'>de</span> <span class='ocrx_word' id='word_1_382' title='bbox 1845 2308 1971 2363; x_wconf 88' lang='lat' dir='ltr'>viris,</span> <span class='ocrx_word' id='word_1_383' title='bbox 1996 2308 2044 2354; x_wconf 75' lang='grc' dir='ltr'>ὅτ</span> <span class='ocrx_word' id='word_1_384' title='bbox 2061 2305 2232 2370; x_wconf 84' lang='lat' dir='ltr'>justitia</span> <span class='ocrx_word' id='word_1_385' title='bbox 2249 2308 2305 2354; x_wconf 76' lang='lat' dir='ltr'>d&#39;e</span> <span class='ocrx_word' id='word_1_386' title='bbox 2322 2307 2463 2366; x_wconf 79' lang='lat' dir='ltr'>bono,</span> 
     </span>
     <span class='ocr_line' id='line_1_32' title="bbox 478 2370 2464 2437; baseline 0.001 -16"><span class='ocrx_word' id='word_1_387' title='bbox 478 2370 683 2422; x_wconf 86' lang='lat' dir='ltr'>videatur</span> <span class='ocrx_word' id='word_1_388' title='bbox 697 2392 749 2421; x_wconf 90' lang='lat' dir='ltr'>n:</span> <span class='ocrx_word' id='word_1_389' title='bbox 772 2391 828 2423; x_wconf 84' lang='lat'>22</span> <span class='ocrx_word' id='word_1_390' title='bbox 837 2390 922 2437; x_wconf 84' lang='lat'>35:</span> <span class='ocrx_word' id='word_1_391' title='bbox 948 2374 1068 2436; x_wconf 91' lang='lat' dir='ltr'>apud</span> <span class='ocrx_word' id='word_1_392' title='bbox 1082 2374 1313 2430; x_wconf 87' lang='lat' dir='ltr'>Eundem,</span> <span class='ocrx_word' id='word_1_393' title='bbox 1350 2378 1384 2401; x_wconf 88' lang='lat'><strong>“</strong></span> <span class='ocrx_word' id='word_1_394' title='bbox 1402 2373 1575 2421; x_wconf 85' lang='lat' dir='ltr'>Stultus</span> <span class='ocrx_word' id='word_1_395' title='bbox 1591 2372 1826 2420; x_wconf 87' lang='lat' dir='ltr'>stultitiam</span> <span class='ocrx_word' id='word_1_396' title='bbox 1843 2372 2061 2436; x_wconf 89' lang='lat' dir='ltr'>loquitur,</span> <span class='ocrx_word' id='word_1_397' title='bbox 2079 2373 2136 2419; x_wconf 88' lang='lat' dir='ltr'>ad</span> <span class='ocrx_word' id='word_1_398' title='bbox 2150 2373 2464 2428; x_wconf 76' lang='lat' dir='ltr'>evacuandum</span> 
     </span>
     <span class='ocr_line' id='line_1_33' title="bbox 461 2437 2464 2502; baseline -0.001 -12"><span class='ocrx_word' id='word_1_399' title='bbox 461 2437 942 2502; x_wconf 58' lang='lat' dir='ltr'>‘Animamfamelicam</span> <span class='ocrx_word' id='word_1_400' title='bbox 958 2440 1008 2487; x_wconf 76' lang='grc' dir='ltr'>ὅτ</span> <span class='ocrx_word' id='word_1_401' title='bbox 1012 2449 1162 2501; x_wconf 84' lang='lat' dir='ltr'>potum</span> <span class='ocrx_word' id='word_1_402' title='bbox 1162 2440 1376 2499; x_wconf 83' lang='lat' dir='ltr'>fitientem</span> <span class='ocrx_word' id='word_1_403' title='bbox 1391 2439 1581 2487; x_wconf 89' lang='lat' dir='ltr'>deficere</span> <span class='ocrx_word' id='word_1_404' title='bbox 1597 2437 1778 2495; x_wconf 85' lang='lat' dir='ltr'>faciat,&#39;’</span> <span class='ocrx_word' id='word_1_405' title='bbox 1800 2453 1969 2487; x_wconf 83' lang='lat' dir='ltr'>xxxn:</span> <span class='ocrx_word' id='word_1_406' title='bbox 1990 2439 2037 2495; x_wconf 89' lang='lat'>6,</span> <span class='ocrx_word' id='word_1_407' title='bbox 2055 2491 2059 2494; x_wconf 17' lang='lat'><strong>⁴</strong></span> <span class='ocrx_word' id='word_1_408' title='bbox 2073 2439 2247 2486; x_wconf 90' lang='lat' dir='ltr'>Anima</span> <span class='ocrx_word' id='word_1_409' title='bbox 2261 2437 2464 2489; x_wconf 87' lang='lat' dir='ltr'>famelica</span> 
     </span>
     <span class='ocr_line' id='line_1_34' title="bbox 478 2505 2463 2570; baseline -0.001 -17"><span class='ocrx_word' id='word_1_410' title='bbox 478 2523 565 2570; x_wconf 87' lang='lat' dir='ltr'>pro</span> <span class='ocrx_word' id='word_1_411' title='bbox 589 2507 805 2554; x_wconf 80' lang='lat' dir='ltr'>desiderio</span> <span class='ocrx_word' id='word_1_412' title='bbox 827 2506 951 2563; x_wconf 90' lang='lat' dir='ltr'>boni,</span> <span class='ocrx_word' id='word_1_413' title='bbox 987 2521 1125 2569; x_wconf 89' lang='lat' dir='ltr'>quarn</span> <span class='ocrx_word' id='word_1_414' title='bbox 1147 2505 1307 2554; x_wconf 90' lang='lat' dir='ltr'>stultus</span> <span class='ocrx_word' id='word_1_415' title='bbox 1327 2518 1531 2563; x_wconf 86' lang='lat' dir='ltr'>evacuat,</span> <span class='ocrx_word' id='word_1_416' title='bbox 1567 2506 1715 2553; x_wconf 86' lang='lat' dir='ltr'>anima</span> <span class='ocrx_word' id='word_1_417' title='bbox 1735 2516 1900 2568; x_wconf 90' lang='lat' dir='ltr'>potum</span> <span class='ocrx_word' id='word_1_418' title='bbox 1938 2505 2084 2550; x_wconf 82' lang='lat' dir='ltr'>sitiens</span> <span class='ocrx_word' id='word_1_419' title='bbox 2119 2520 2206 2566; x_wconf 88' lang='lat' dir='ltr'>pro</span> <span class='ocrx_word' id='word_1_420' title='bbox 2243 2505 2463 2553; x_wconf 79' lang='lat' dir='ltr'>defiderio</span> 
     </span>
     <span class='ocr_line' id='line_1_35' title="bbox 478 2569 2463 2634; baseline 0 -17"><span class='ocrx_word' id='word_1_421' title='bbox 478 2573 590 2627; x_wconf 83' lang='lat' dir='ltr'>veri,</span> <span class='ocrx_word' id='word_1_422' title='bbox 625 2575 764 2634; x_wconf 79' lang='lat' dir='ltr'>qnam</span> <span class='ocrx_word' id='word_1_423' title='bbox 786 2571 946 2617; x_wconf 90' lang='lat' dir='ltr'>stultus</span> <span class='ocrx_word' id='word_1_424' title='bbox 962 2571 1160 2618; x_wconf 85' lang='lat' dir='ltr'>deficere</span> <span class='ocrx_word' id='word_1_425' title='bbox 1182 2570 1319 2619; x_wconf 85' lang='lat' dir='ltr'>facit:</span> <span class='ocrx_word' id='word_1_426' title='bbox 1352 2571 1476 2633; x_wconf 89' lang='lat' dir='ltr'>apud</span> <span class='ocrx_word' id='word_1_427' title='bbox 1496 2571 1761 2629; x_wconf 86' lang='lat' dir='ltr'>Jeremiam,</span> <span class='ocrx_word' id='word_1_428' title='bbox 1796 2574 1832 2595; x_wconf 90' lang='lat'><strong>“</strong></span> <span class='ocrx_word' id='word_1_429' title='bbox 1855 2569 1958 2615; x_wconf 90' lang='lat' dir='ltr'>Fiet</span> <span class='ocrx_word' id='word_1_430' title='bbox 1971 2569 2131 2614; x_wconf 87' lang='lat' dir='ltr'>Anima</span> <span class='ocrx_word' id='word_1_431' title='bbox 2152 2583 2310 2617; x_wconf 84' lang='lat' dir='ltr'>eorum</span> <span class='ocrx_word' id='word_1_432' title='bbox 2346 2569 2463 2617; x_wconf 86' lang='lat' dir='ltr'>ficut</span> 
     </span>
     <span class='ocr_line' id='line_1_36' title="bbox 479 2631 2461 2698; baseline -0.001 -15"><span class='ocrx_word' id='word_1_433' title='bbox 479 2638 634 2684; x_wconf 88' lang='lat' dir='ltr'>hortus</span> <span class='ocrx_word' id='word_1_434' title='bbox 659 2638 882 2698; x_wconf 88' lang='lat' dir='ltr'>irriguus;</span> <span class='ocrx_word' id='word_1_435' title='bbox 918 2635 967 2682; x_wconf 90' lang='lat'>&amp;</span> <span class='ocrx_word' id='word_1_436' title='bbox 991 2635 1187 2697; x_wconf 87' lang='lat' dir='ltr'>irrigabo</span> <span class='ocrx_word' id='word_1_437' title='bbox 1201 2637 1400 2690; x_wconf 87' lang='lat' dir='ltr'>Animam</span> <span class='ocrx_word' id='word_1_438' title='bbox 1421 2634 1582 2698; x_wconf 57' lang='lat' dir='ltr'>lasfflm,</span> <span class='ocrx_word' id='word_1_439' title='bbox 1617 2634 1669 2680; x_wconf 83' lang='lat'>&amp;</span> <span class='ocrx_word' id='word_1_440' title='bbox 1690 2648 1877 2680; x_wconf 88' lang='lat' dir='ltr'>ornnem</span> <span class='ocrx_word' id='word_1_441' title='bbox 1903 2632 2099 2679; x_wconf 85' lang='lat' dir='ltr'>Animam</span> <span class='ocrx_word' id='word_1_442' title='bbox 2127 2631 2334 2691; x_wconf 36' lang='lat' dir='ltr'>,dolentem</span> <span class='ocrx_word' id='word_1_443' title='bbox 2371 2636 2461 2682; x_wconf 76' lang='lat' dir='ltr'>im-</span> 
     </span>
     <span class='ocr_line' id='line_1_37' title="bbox 480 2697 2458 2765; baseline -0.001 -17"><span class='ocrx_word' id='word_1_444' title='bbox 480 2702 663 2765; x_wconf 89' lang='lat' dir='ltr'>plebo‚’&#39;</span> <span class='ocrx_word' id='word_1_445' title='bbox 699 2716 842 2748; x_wconf 73' lang='lat' dir='ltr'>xxxi:</span> <span class='ocrx_word' id='word_1_446' title='bbox 873 2717 944 2748; x_wconf 89' lang='lat'>12.</span> <span class='ocrx_word' id='word_1_447' title='bbox 973 2699 1051 2762; x_wconf 81' lang='grc'>25,</span> <span class='ocrx_word' id='word_1_448' title='bbox 1104 2701 1278 2747; x_wconf 87' lang='lat' dir='ltr'>Anima</span> <span class='ocrx_word' id='word_1_449' title='bbox 1313 2715 1398 2762; x_wconf 92' lang='lat' dir='ltr'>pro</span> <span class='ocrx_word' id='word_1_450' title='bbox 1429 2699 1663 2746; x_wconf 69' lang='lat' dir='ltr'>affectione</span> <span class='ocrx_word' id='word_1_451' title='bbox 1698 2699 1794 2744; x_wconf 86' lang='lat' dir='ltr'>veri</span> <span class='ocrx_word' id='word_1_452' title='bbox 1831 2698 1882 2745; x_wconf 75' lang='grc' dir='ltr'>ὅτ</span> <span class='ocrx_word' id='word_1_453' title='bbox 1905 2697 2044 2745; x_wconf 84' lang='lat' dir='ltr'>boni:</span> <span class='ocrx_word' id='word_1_454' title='bbox 2080 2698 2201 2761; x_wconf 89' lang='lat' dir='ltr'>apud</span> <span class='ocrx_word' id='word_1_455' title='bbox 2223 2699 2458 2759; x_wconf 75' lang='lat' dir='ltr'>Eundem,</span> 
     </span>
     <span class='ocr_line' id='line_1_38' title="bbox 482 2763 2461 2828; baseline 0 -15"><span class='ocrx_word' id='word_1_456' title='bbox 482 2774 516 2795; x_wconf 75' lang='lat'>‘⁶</span> <span class='ocrx_word' id='word_1_457' title='bbox 552 2767 718 2814; x_wconf 85' lang='lat' dir='ltr'>Omnis</span> <span class='ocrx_word' id='word_1_458' title='bbox 757 2764 953 2828; x_wconf 89' lang='lat' dir='ltr'>populus</span> <span class='ocrx_word' id='word_1_459' title='bbox 991 2763 1085 2828; x_wconf 87' lang='lat' dir='ltr'>ejus</span> <span class='ocrx_word' id='word_1_460' title='bbox 1124 2777 1371 2827; x_wconf 85' lang='lat' dir='ltr'>gementes,</span> <span class='ocrx_word' id='word_1_461' title='bbox 1405 2775 1655 2827; x_wconf 84' lang='lat' dir='ltr'>quaerentes</span> <span class='ocrx_word' id='word_1_462' title='bbox 1693 2778 1875 2826; x_wconf 89' lang='lat' dir='ltr'>panem,</span> <span class='ocrx_word' id='word_1_463' title='bbox 1911 2763 2132 2810; x_wconf 89' lang='lat' dir='ltr'>dederunt</span> <span class='ocrx_word' id='word_1_464' title='bbox 2160 2763 2461 2814; x_wconf 73' lang='lat' dir='ltr'>desiderabilia</span> 
     </span>
     <span class='ocr_line' id='line_1_39' title="bbox 479 2827 2459 2896; baseline -0.001 -16"><span class='ocrx_word' id='word_1_465' title='bbox 479 2833 556 2880; x_wconf 84' lang='lat' dir='ltr'>sua</span> <span class='ocrx_word' id='word_1_466' title='bbox 584 2848 668 2896; x_wconf 88' lang='lat' dir='ltr'>pro</span> <span class='ocrx_word' id='word_1_467' title='bbox 698 2831 816 2887; x_wconf 93' lang='lat' dir='ltr'>cibo,</span> <span class='ocrx_word' id='word_1_468' title='bbox 852 2831 908 2877; x_wconf 90' lang='lat' dir='ltr'>ad</span> <span class='ocrx_word' id='word_1_469' title='bbox 947 2831 1256 2878; x_wconf 89' lang='lat' dir='ltr'>reducendum</span> <span class='ocrx_word' id='word_1_470' title='bbox 1276 2834 1485 2878; x_wconf 85' lang='lat' dir='ltr'>Animam.</span> <span class='ocrx_word' id='word_1_471' title='bbox 1556 2830 1721 2877; x_wconf 88' lang='lat' dir='ltr'>Procul</span> <span class='ocrx_word' id='word_1_472' title='bbox 1760 2828 1822 2876; x_wconf 89' lang='lat' dir='ltr'>est</span> <span class='ocrx_word' id='word_1_473' title='bbox 1861 2845 1886 2875; x_wconf 91' lang='lat' dir='ltr'>a</span> <span class='ocrx_word' id='word_1_474' title='bbox 1921 2829 2006 2875; x_wconf 92' lang='lat' dir='ltr'>Me</span> <span class='ocrx_word' id='word_1_475' title='bbox 2043 2827 2288 2887; x_wconf 83' lang='lat' dir='ltr'>consolans,</span> <span class='ocrx_word' id='word_1_476' title='bbox 2325 2832 2459 2884; x_wconf 71' lang='lat' dir='ltr'>redu·-</span> 
     </span>
     <span class='ocr_line' id='line_1_40' title="bbox 478 2894 2460 2957; baseline -0.001 -11"><span class='ocrx_word' id='word_1_477' title='bbox 478 2914 584 2946; x_wconf 88' lang='lat' dir='ltr'>cens</span> <span class='ocrx_word' id='word_1_478' title='bbox 601 2899 798 2945; x_wconf 85' lang='lat' dir='ltr'>Animam</span> <span class='ocrx_word' id='word_1_479' title='bbox 824 2912 989 2952; x_wconf 88' lang='lat' dir='ltr'>meam,</span> <span class='ocrx_word' id='word_1_480' title='bbox 1023 2895 1129 2943; x_wconf 64' lang='lat' dir='ltr'>faeti</span> <span class='ocrx_word' id='word_1_481' title='bbox 1153 2895 1252 2943; x_wconf 88' lang='lat' dir='ltr'>sunt</span> <span class='ocrx_word' id='word_1_482' title='bbox 1273 2896 1356 2943; x_wconf 88' lang='lat' dir='ltr'>filii</span> <span class='ocrx_word' id='word_1_483' title='bbox 1378 2897 1468 2943; x_wconf 89' lang='lat' dir='ltr'>mei</span> <span class='ocrx_word' id='word_1_484' title='bbox 1492 2895 1704 2943; x_wconf 89' lang='lat' dir='ltr'>desolati:</span> <span class='ocrx_word' id='word_1_485' title='bbox 1740 2894 2043 2957; x_wconf 86' lang='lat' dir='ltr'>quaefiverunt</span> <span class='ocrx_word' id='word_1_486' title='bbox 2080 2894 2235 2943; x_wconf 90' lang='lat' dir='ltr'>cibum</span> <span class='ocrx_word' id='word_1_487' title='bbox 2276 2897 2370 2953; x_wconf 87' lang='lat' dir='ltr'>fibi,</span> <span class='ocrx_word' id='word_1_488' title='bbox 2406 2910 2460 2946; x_wconf 92' lang='lat' dir='ltr'>ut</span> 
     </span>
     <span class='ocr_line' id='line_1_41' title="bbox 479 2960 2512 3029; baseline 0 -18"><span class='ocrx_word' id='word_1_489' title='bbox 479 2965 743 3011; x_wconf 83' lang='lat' dir='ltr'>reducerent</span> <span class='ocrx_word' id='word_1_490' title='bbox 758 2964 956 3010; x_wconf 86' lang='lat' dir='ltr'>Animam</span> <span class='ocrx_word' id='word_1_491' title='bbox 980 2960 1152 3018; x_wconf 91' lang='lat' dir='ltr'>suam,&#39;&#39;</span> <span class='ocrx_word' id='word_1_492' title='bbox 1186 2962 1343 3009; x_wconf 89' lang='lat' dir='ltr'>Thren</span> <span class='ocrx_word' id='word_1_493' title='bbox 1363 2980 1374 3010; x_wconf 76' lang='lat' dir='ltr'><strong><em>z</em></strong></span> <span class='ocrx_word' id='word_1_494' title='bbox 1403 2978 1418 3008; x_wconf 91' lang='lat'>1</span> <span class='ocrx_word' id='word_1_495' title='bbox 1441 2979 1454 3009; x_wconf 89' lang='lat'>:</span> <span class='ocrx_word' id='word_1_496' title='bbox 1485 2978 1556 3011; x_wconf 94' lang='lat'>11.</span> <span class='ocrx_word' id='word_1_497' title='bbox 1588 2962 1660 3010; x_wconf 89' lang='lat'>16.</span> <span class='ocrx_word' id='word_1_498' title='bbox 1692 2978 1748 3025; x_wconf 91' lang='lat'>19</span> <span class='ocrx_word' id='word_1_499' title='bbox 1771 2983 1786 3016; x_wconf 89' lang='lat'>·,</span> <span class='ocrx_word' id='word_1_500' title='bbox 1820 2962 1968 3007; x_wconf 89' lang='lat' dir='ltr'>anima</span> <span class='ocrx_word' id='word_1_501' title='bbox 1989 2977 2074 3024; x_wconf 91' lang='lat' dir='ltr'>pro</span> <span class='ocrx_word' id='word_1_502' title='bbox 2095 2961 2189 3008; x_wconf 87' lang='lat' dir='ltr'>vita</span> <span class='ocrx_word' id='word_1_503' title='bbox 2209 2961 2459 3012; x_wconf 63' lang='lat' dir='ltr'>affectionis</span> <span class='ocrx_word' id='word_1_504' title='bbox 2507 3022 2512 3029; x_wconf 31' lang='grc' dir='ltr'>Ι</span> 
     </span>
     <span class='ocr_line' id='line_1_42' title="bbox 479 3026 2457 3091; baseline 0 -15"><span class='ocrx_word' id='word_1_505' title='bbox 479 3030 587 3077; x_wconf 89' lang='lat' dir='ltr'>boni</span> <span class='ocrx_word' id='word_1_506' title='bbox 609 3031 659 3076; x_wconf 74' lang='grc' dir='ltr'>ὅτ.</span> <span class='ocrx_word' id='word_1_507' title='bbox 682 3030 793 3085; x_wconf 88' lang='lat' dir='ltr'>veri,</span> <span class='ocrx_word' id='word_1_508' title='bbox 828 3027 954 3074; x_wconf 88' lang='lat' dir='ltr'>cibus</span> <span class='ocrx_word' id='word_1_509' title='bbox 977 3043 1063 3091; x_wconf 91' lang='lat' dir='ltr'>pro</span> <span class='ocrx_word' id='word_1_510' title='bbox 1083 3028 1290 3091; x_wconf 85' lang='lat' dir='ltr'>sapientia</span> <span class='ocrx_word' id='word_1_511' title='bbox 1311 3028 1360 3074; x_wconf 86' lang='lat'>&amp;</span> <span class='ocrx_word' id='word_1_512' title='bbox 1384 3027 1689 3090; x_wconf 86' lang='lat' dir='ltr'>intelligentia.</span> <span class='ocrx_word' id='word_1_513' title='bbox 1759 3027 1941 3074; x_wconf 91' lang='lat' dir='ltr'>Dicitur</span> <span class='ocrx_word' id='word_1_514' title='bbox 1970 3026 2098 3090; x_wconf 90' lang='lat' dir='ltr'>quod</span> <span class='ocrx_word' id='word_1_515' title='bbox 2135 3028 2283 3075; x_wconf 87' lang='lat' dir='ltr'>anima</span> <span class='ocrx_word' id='word_1_516' title='bbox 2320 3028 2457 3091; x_wconf 87' lang='lat' dir='ltr'>figni-</span> 
     </span>
     <span class='ocr_line' id='line_1_43' title="bbox 478 3092 2456 3157; baseline -0.001 -14"><span class='ocrx_word' id='word_1_517' title='bbox 478 3097 583 3143; x_wconf 83' lang='lat' dir='ltr'>ficet</span> <span class='ocrx_word' id='word_1_518' title='bbox 600 3094 885 3142; x_wconf 68' lang='lat' dir='ltr'>affectionem</span> <span class='ocrx_word' id='word_1_519' title='bbox 908 3095 1004 3140; x_wconf 88' lang='lat' dir='ltr'>veri</span> <span class='ocrx_word' id='word_1_520' title='bbox 1026 3110 1082 3141; x_wconf 89' lang='lat' dir='ltr'>ex</span> <span class='ocrx_word' id='word_1_521' title='bbox 1105 3094 1256 3150; x_wconf 89' lang='lat' dir='ltr'>corde,</span> <span class='ocrx_word' id='word_1_522' title='bbox 1280 3094 1386 3157; x_wconf 90' lang='lat' dir='ltr'>quia</span> <span class='ocrx_word' id='word_1_523' title='bbox 1407 3094 1570 3141; x_wconf 89' lang='lat' dir='ltr'>dantur</span> <span class='ocrx_word' id='word_1_524' title='bbox 1591 3092 1843 3141; x_wconf 73' lang='lat' dir='ltr'>affefflones</span> <span class='ocrx_word' id='word_1_525' title='bbox 1867 3093 1961 3139; x_wconf 88' lang='lat' dir='ltr'>veri</span> <span class='ocrx_word' id='word_1_526' title='bbox 1983 3108 2090 3156; x_wconf 86' lang='lat' dir='ltr'>quae</span> <span class='ocrx_word' id='word_1_527' title='bbox 2112 3109 2201 3139; x_wconf 88' lang='lat' dir='ltr'>non</span> <span class='ocrx_word' id='word_1_528' title='bbox 2223 3098 2280 3140; x_wconf 83' lang='lat' dir='ltr'>ex</span> <span class='ocrx_word' id='word_1_529' title='bbox 2302 3095 2456 3153; x_wconf 88' lang='lat' dir='ltr'>corde,</span> 
     </span>
     <span class='ocr_line' id='line_1_44' title="bbox 477 3158 2457 3225; baseline 0 -16"><span class='ocrx_word' id='word_1_530' title='bbox 477 3174 534 3209; x_wconf 83' lang='lat' dir='ltr'>ut·</span> <span class='ocrx_word' id='word_1_531' title='bbox 552 3177 656 3225; x_wconf 83' lang='lat' dir='ltr'>quae</span> <span class='ocrx_word' id='word_1_532' title='bbox 687 3175 744 3207; x_wconf 89' lang='lat' dir='ltr'>ex</span> <span class='ocrx_word' id='word_1_533' title='bbox 765 3175 919 3207; x_wconf 86' lang='lat' dir='ltr'>amore</span> <span class='ocrx_word' id='word_1_534' title='bbox 941 3159 1006 3206; x_wconf 89' lang='lat' dir='ltr'>sui</span> <span class='ocrx_word' id='word_1_535' title='bbox 1028 3159 1103 3207; x_wconf 88' lang='lat' dir='ltr'>seu</span> <span class='ocrx_word' id='word_1_536' title='bbox 1125 3159 1371 3216; x_wconf 88' lang='lat' dir='ltr'>eminendi,</span> <span class='ocrx_word' id='word_1_537' title='bbox 1405 3175 1462 3206; x_wconf 91' lang='lat' dir='ltr'>ex</span> <span class='ocrx_word' id='word_1_538' title='bbox 1484 3175 1637 3208; x_wconf 88' lang='lat' dir='ltr'>amore</span> <span class='ocrx_word' id='word_1_539' title='bbox 1673 3159 1835 3206; x_wconf 85' lang='lat' dir='ltr'>mundi</span> <span class='ocrx_word' id='word_1_540' title='bbox 1866 3158 1939 3205; x_wconf 90' lang='lat' dir='ltr'>seu</span> <span class='ocrx_word' id='word_1_541' title='bbox 1972 3159 2192 3216; x_wconf 79' lang='lat' dir='ltr'>lucrandi,</span> <span class='ocrx_word' id='word_1_542' title='bbox 2225 3175 2284 3206; x_wconf 91' lang='lat' dir='ltr'>ex</span> <span class='ocrx_word' id='word_1_543' title='bbox 2305 3176 2457 3209; x_wconf 90' lang='lat' dir='ltr'>amore</span> 
     </span>
    </p>
   </div>
   <div class='ocr_carea' id='block_1_5' title="bbox 472 3224 2456 3342">
    <p class='ocr_par' dir='ltr' id='par_1_5' title="bbox 472 3224 2456 3342">
     <span class='ocr_line' id='line_1_45' title="bbox 472 3224 2454 3340; baseline -0.001 -65"><span class='ocrx_word' id='word_1_544' title='bbox 472 3227 706 3283; x_wconf 79' lang='lat' dir='ltr'>merendi3</span> <span class='ocrx_word' id='word_1_545' title='bbox 741 3241 800 3278; x_wconf 86' lang='lat' dir='ltr'>ex</span> <span class='ocrx_word' id='word_1_546' title='bbox 831 3226 912 3274; x_wconf 79' lang='lat' dir='ltr'>his.</span> <span class='ocrx_word' id='word_1_547' title='bbox 936 3225 1137 3291; x_wconf 72' lang='lat' dir='ltr'>similiter</span> <span class='ocrx_word' id='word_1_548' title='bbox 1173 3225 1371 3275; x_wconf 85' lang='lat' dir='ltr'>existunt</span> <span class='ocrx_word' id='word_1_549' title='bbox 1408 3224 1660 3275; x_wconf 59' lang='lat' dir='ltr'>affectiones</span> <span class='ocrx_word' id='word_1_550' title='bbox 1700 3227 1812 3284; x_wconf 87' lang='lat' dir='ltr'>veri,</span> <span class='ocrx_word' id='word_1_551' title='bbox 1847 3224 1922 3273; x_wconf 88' lang='lat' dir='ltr'>sed</span> <span class='ocrx_word' id='word_1_552' title='bbox 1960 3241 2051 3274; x_wconf 87' lang='lat' dir='ltr'>non</span> <span class='ocrx_word' id='word_1_553' title='bbox 2088 3225 2188 3274; x_wconf 87' lang='lat' dir='ltr'>sunt</span> <span class='ocrx_word' id='word_1_554' title='bbox 2223 3227 2454 3340; x_wconf 49' lang='lat' dir='ltr'>genuipae,</span> 
     </span>
     <span class='ocr_line' id='line_1_46' title="bbox 2375 3306 2456 3342; baseline 0.025 -2"><span class='ocrx_word' id='word_1_555' title='bbox 2375 3306 2456 3342; x_wconf 89' lang='lat' dir='ltr'>unt</span> 
     </span>
    </p>
   </div>
  </div>
 </body>
</html>
