2904 3750
527 241 662 322 364
1000 194 2079 306 -GENESJSJ

523 395 663 439 catur,
716 383 842 446 quod
889 398 1054 446 nempe
1099 382 1227 445 quale
1268 380 1375 428 boni
1417 381 1628 427 naturalis
1677 379 1941 444 respective,
1996 382 2046 430 &
2087 385 2218 447 quale
2257 391 2351 435 veri
2398 401 2528 438 natu-
2594 427 2597 429 .

523 449 623 496 ralis
662 450 932 514 respective:
984 449 1087 495 inde
1127 460 1487 511 quoquepatet,
1534 447 1650 512 quid
1686 447 1804 495 Esau
1851 449 2149 514 repraesentat,
2194 447 2527 520 1160111001]οἀ

525 517 707 563 Bonum
746 517 973 573 naturalis,
1028 531 1130 562 nam
1168 514 1284 561 Esau
1327 515 1473 562 dictus
1513 514 1577 562 est
1615 530 1672 561 ex
1715 514 1876 579 piloso,
1927 518 2061 566 Gen:
2089 534 2213 567 xxv:
2243 538 2322 584 25,
2374 522 2424 569 δε
2461 523 2527 570 Ε-

527 583 640 630 dom
687 599 742 630 ex
782 583 1054 639 rubicundo,
1108 582 1243 629 Gen:
1270 597 1405 629 xxv:
1436 599 1530 646 30;
1569 591 1701 629 mons
1733 582 1844 639 Seir,
1882 583 1959 630 ubi
1991 584 2232 643 habitabat,
2269 591 2405 635 etiam
2439 588 2531 652 fig>-

527 650 680 697 nificat
717 650 819 707 tale,
869 666 1031 712 nempe
1073 648 1346 704 comosum,
1391 649 1439 696 Sc
1479 649 1585 711 quia
1619 649 1721 706 hoc,
1758 663 1851 696 erat
1891 666 2040 708 mons,
2085 668 2166 715 per
2204 669 2345 717 quem
2385 653 2532 703 ascen-

528 716 714 764 debatur
759 718 814 764 ad
854 719 973 772 Seir,
1025 718 1105 779 qui
1147 715 1376 762 dicebatur
1418 731 1549 762 mons
1588 715 1743 778 glaber
1781 715 1854 763 seu
1894 717 2039 775 laevis,
2089 719 2148 766 de
2182 736 2278 783 quo
2304 722 2414 782 Jos:
2441 738 2528 770 xi:

534 802 605 837 17.
661 787 786 848 Cap:
815 801 887 845 xri
914 802 924 831 :
956 800 999 847 7,
1053 782 1180 845 quod
1227 783 1362 829 etiam
1410 781 1826 845 repraesentativum
1873 797 1965 831 erat
2013 788 2107 832 veri
2150 786 2426 836 ascendentis
2473 789 2533 840 ad,

530 851 718 898 bonum.
792 851 935 912 Qiod
982 848 1175 912 pilosum
1222 848 1496 912 praedicetur
1539 848 1596 895 de
1641 848 1764 897 bono
1802 851 1851 897 &
1899 850 2004 898 inde
2049 868 2188 910 vero,
2248 856 2298 902 ὅτ
2344 871 2530 919 quoque

529 919 574 963 in
620 918 830 981 opposito
870 915 990 963 sensu
1029 915 1085 962 de
1115 915 1240 976 *malo
1281 917 1330 962 δε
1370 915 1474 962 inde
1519 914 1642 972 falso,
1695 933 1752 964 n:
1783 934 1927 981 3301,
1967 917 2204 967 -ostensum
2250 920 2347 977 est3
2399 922 2528 985 quod

530 997 679 1031 autem
722 985 837 1030 laeve
877 984 1150 1046 praedicetur
1189 983 1245 1030 de
1276 998 1400 1039 vero,
1437 999 1488 1029 ac
1522 983 1566 1029 in
1604 982 1816 1046 op‘pofito
1853 983 1975 1031 sensu
2006 985 2074 1038 *de
2108 984 2234 1043 falso,
2271 1000 2393 1050 patet
2416 1005 2533 1052 quo-

528 1068 617 1114 que
660 1050 715 1097 ab
755 1051 822 1097 his
858 1050 968 1097 locis
1006 1052 1050 1096 in
1072 1049 1264 1105 Verb03
1303 1049 1424 1112 apud
1448 1048 1644 1104 Esaiam,
1683 1054 1715 1076 “
1741 1049 2055 1098 Incalescentes
2086 1054 2132 1099 in
2163 1054 2248 1100 diis
2287 1053 2368 1101 sub
2394 1057 2534 1103 =omni

530 1120 683 1165 arbore
718 1117 869 1174 viridi,
908 1118 952 1163 in
978 1117 1181 1164 Laevibus
1205 1115 1335 1162 vallis
1358 1116 1510 1179 portio
1533 1116 1660 1172 tua,”
1697 1132 1802 1162 Lvn
1825 1135 1835 1163 :
1866 1134 1910 1178 5.
1938 1119 1985 1174 6,
2021 1118 2102 1165 ubi
2135 1119 2389 1168 incalescere
2413 1137 2540 1185 prae--

529 1186 703 1232 dicatur
742 1184 798 1230 dc
836 1183 972 1240 malo,
1009 1183 1139 1230 laevia
1170 1182 1298 1229 vallis
1339 1183 1396 1228 de
1433 1179 1567 1228 falso:
1620 1176 1742 1244 {ipud
1782 1182 2018 1240 Eundem,
2056 1188 2091 1210 “
2115 1185 2390 1234 Corroborat
2413 1186 2535 1235 faber

529 1254 838 1307 conflatorem,
875 1252 1171 1312 Laevigamem
1207 1249 1399 1296 malleum
1433 1264 1542 1295 cum
1577 1247 1839 1295 contusione
1863 1250 2057 1307 incudis,
2093 1250 2248 1298 dicens
2273 1252 2328 1299 ad
2344 1251 2534 1317 junctu-

533 1336 645 1374 ram,
685 1319 857 1364 bonum
885 1318 981 1374 id,''
1018 1333 1133 1364 xm:
1167 1332 1211 1381 7,
1262 1314 1339 1362 ubi
1381 1314 1639 1363 corroborat
1678 1312 1802 1371 faber
1839 1316 2132 1366 conflatorem
2167 1318 2443 1382 praedicatur
2477 1321 2536 1369 de

531 1386 668 1443 malo,
706 1386 924 1447 laevigans
957 1383 1173 1431 malleum
1207 1383 1263 1430 de
1287 1380 1423 1430 falso:
1462 1382 1583 1447 apud
1605 1381 1854 1439 Davidem,
1893 1387 1927 1410 “
1952 1383 2282 1439 Laevejraciunt
2305 1385 2468 1451 butyra
2489 1404 2536 1436 os

531 1465 668 1510 tuum,
722 1468 827 1499 cum
870 1452 1205 1514 appropinquat
1244 1465 1323 1496 cor
1357 1447 1477 1514 ejus,
1529 1449 1685 1496 mollia
1723 1447 1826 1496 sunt
1855 1449 1991 1498 verba
2026 1466 2124 1515 prae
2161 1452 2315 1510 oleo,''
2349 1453 2533 1503 Psalm:

534 1536 624 1567 tv:
655 1537 732 1575 22,
770 1519 847 1565 ubi
889 1519 1002 1564 laeve
1041 1534 1091 1564 os
1134 1517 1206 1564 seu
1250 1516 1468 1563 blandum
1509 1516 1566 1563 de
1599 1514 1723 1572 false,
1759 1532 1839 1564 cor
1862 1518 1907 1564 &
1935 1517 2041 1565 inde
2078 1518 2249 1576 mollia,
2285 1519 2342 1568 de
2380 1521 2539 1570 malo:

532 1587 652 1650 apud
686 1586 922 1642 Eundem,
959 1590 992 1611 “
1016 1585 1318 1647 Sepulchrum
1357 1595 1562 1647 apertum
1600 1595 1762 1646 guttur
1800 1600 1979 1641 eorum,
2013 1584 2170 1650 lingua
2191 1585 2266 1634 sua
2286 1588 2445 1636 Laevia
2468 1587 2538 1636 lo-

534 1653 786 1716 quuntur,’'
821 1651 971 1698 Psalm
993 1669 1003 1698 :
1027 1667 1087 1698 v:
1123 1668 1214 1706 103
1251 1650 1539 1712 sepulchrum
1561 1661 1766 1713 apertum
1793 1662 1954 1712 guttur
1977 1650 2034 1697 de
2057 1652 2195 1709 malo,
2233 1653 2538 1717 lingualaevia

534 1720 723 1783 loquens
746 1719 802 1765 de
826 1717 932 1764 falso
952 1736 963 1764 ε
1003 1717 1149 1779 Apud
1171 1717 1370 1771 Lucam,
1407 1721 1441 1742 “
1465 1717 1634 1762 Omnis
1665 1715 1793 1762 vallis
1829 1715 2116 1780 implebitur,
2151 1718 2202 1765 δε
2226 1720 2376 1766 omnis
2401 1735 2538 1769 mons

536 1790 585 1832 &
627 1786 752 1832 collis
793 1782 1136 1837 humiliabitur,
1190 1783 1240 1829 &
1279 1793 1412 1828 erunt
1448 1781 1633 1845 obliqua
1678 1781 1724 1827 in
1771 1780 2014 1839 directum,
2065 1783 2116 1830 &
2155 1782 2304 1848 aspera
2342 1788 2390 1833 in
2433 1786 2537 1835 ‘in‘as

528 1852 736 1914 planas‚''
775 1866 841 1896 111
868 1867 878 1896 :
908 1865 954 1912 5,
1007 1849 1152 1895 Vallis
1192 1864 1277 1911 pro
1316 1847 1495 1904 humili,
1544 1864 1605 1895 n:
1638 1862 1777 1911 1723.
1808 1864 1971 1911 3417;
2019 1864 2154 1896 mons
2191 1852 2242 1897 &
2282 1852 2411 1900 collis
2446 1869 2543 1916 pro

535 1919 667 1976 elato,
705 1935 764 1965 n:
800 1917 951 1980 1691;
988 1915 1228 1978 obliquum
1269 1915 1315 1961 in
1353 1914 1575 1961 directum
1610 1929 1695 1976 pro
1728 1914 1854 1976 quod
1888 1915 2157 1976 ignorantiae
2181 1915 2358 1963 malum
2381 1919 2428 1965 in
2454 1919 2536 1967 bo-

534 2002 665 2042 num,
693 1984 935 2047 longitudo
958 1984 1079 2029 enirn
1099 1983 1146 2030 &
1165 1997 1269 2045 quae
1295 1981 1597 2044 longitudinis
1615 1978 1733 2036 sunt,
1754 1978 2063 2042 praedicantur
2084 1980 2142 2028 de
2164 1980 2288 2030 bono
2307 2000 2361 2032 n:
2387 1985 2553 2050 16,13,;ῑ

534 2051 684 2115 aspera
706 2053 750 2098 in
774 2052 867 2097 vias
891 2050 1058 2113 planas,
1095 2065 1179 2112 pro
1201 2047 1327 2112 quod
1351 2047 1621 2109 ignorantiae
1643 2044 1749 2094 falsa
1769 2046 1817 2093 in
1842 2062 1959 2105 vera,
1995 2047 2123 2112 quod
2154 2049 2229 2097 via
2263 2050 2538 2114 praedicetu‘t

533 2119 590 2166 de
613 2134 738 2174 vero,
776 2133 830 2164 n:
859 2117 967 2180 627.
996 2133 1139 2179 2333.
1768 2132 1773 2137 ·
2344 2153 2351 2159 r

606 2190 746 2248 3528.
785 2184 990 2230 Fortaflis
1021 2181 1267 2245 palpaverit
1305 2195 1380 2227 me
1417 2191 1542 2244 pater
1571 2196 1716 2238 meus,
1751 2181 1878 2244 quod
1901 2179 2122 2244 fignificet
2143 2184 2444 2247 perceptionis
2466 2186 2536 2235 in·

533 2253 702 2299 timum
739 2251 951 2314 gradum,
988 2248 1160 2295 constat
1198 2264 1223 2294 a
1260 2246 1586 2311 significatione
1621 2248 1801 2311 palpare
1838 2248 1888 2295 &
1914 2247 1973 2294 fic
1997 2246 2170 2306 sentire,
2206 2250 2331 2314 quod
2354 2250 2409 2298 fit
2431 2268 2531 2316 per-

535 2321 755 2381 ceptionis
792 2318 1008 2363 intimum
1043 2316 1091 2363 &
1127 2330 1295 2369 omne3
1331 2314 1380 2361 δε
1411 2330 1437 2361 a
1470 2313 1795 2377 significatione
1816 2315 2134 2378 patriS,·quod
2158 2315 2212 2363 fit
2234 2316 2426 2375 bonum,
2461 2319 2543 2367 hic

535 2386 780 2441 Divinum,
817 2384 921 2447 quia
944 2382 1000 2429 de
1025 2383 1233 2429 Domino
1269 2382 1448 2444 agitur:
1484 2381 1611 2444 qu'od
1636 2380 1817 2444 palpare
1840 2381 1895 2428 fit
1918 2382 2218 2446 perceptionis
2240 2385 2459 2432 intimum
2482 2387 2533 2434 ὅτ.

536 2468 689 2508 omne,
727 2450 831 2498 inde
863 2449 942 2506 est,
978 2451 1085 2512 quia
1107 2464 1244 2496 omne
1268 2446 1589 2503 senlitivumse
1613 2446 1745 2495 refert
1767 2447 1822 2494 ad
1855 2447 2029 2502 sensum
2064 2449 2223 2507 taetus,
2259 2450 2382 2498 &id
2415 2451 2534 2500 deri-

535 2532 669 2566 vatur
692 2534 740 2565 ac
764 2516 911 2564 existit
943 2532 966 2563 a
999 2517 1278 2579 perceptiVO,
1313 2514 1377 2561 est
1409 2516 1531 2561 enim
1568 2514 1829 2562 sensitivum
1871 2531 1963 2562 non
2004 2515 2126 2563 aliud
2164 2531 2308 2580 quarn
2346 2533 2534 2583 percep·

537 2588 688 2631 tivum
726 2596 981 2639 externum,
1019 2584 1066 2629 &
1093 2583 1408 2646 perceptivum
1434 2597 1526 2629 non
1548 2581 1668 2628 aliud
1695 2596 1832 2645 quam
1858 2580 2116 2630 senfitivum
2140 2583 2387 2638 internum,
2421 2584 2542 2647 quid*

537 2651 851 2714 perceptivum
894 2648 965 2695 seu
1008 2651 1253 2711 perceptio,
1290 2647 1498 2695 videatur
1521 2664 1583 2695 n:
1614 2664 1720 2707 104.
1743 2664 1851 2711 371.
1871 2665 1984 2712 495.
2006 2665 2118 2711 503.
2141 2665 2251 2710 521.
2274 2648 2383 2710 536.
2409 2654 2529 2714 1383

539 2717 595 2763 ad
627 2716 927 2780 1398.1616.
956 2732 1091 2778 1919.
1121 2730 1263 2776 2145.
1293 2729 1432 2778 2171.
1461 2718 1583 2775 2831
1613 2729 1682 2775 pr.
1752 2715 1979 2760 Praeterea
2010 2729 2148 2760 omne
2182 2712 2440 2762 senfitivum
2485 2719 2543 2766 &.

540 2799 675 2830 omne
714 2781 1044 2844 perceptivum,
1080 2781 1206 2843 quod
1243 2793 1337 2826 tam
1358 2780 1553 2825 ¹varium
1589 2791 1788 2841 apparet,
1825 2778 1882 2825 ad
1905 2780 2092 2825 unicum
2126 2778 2298 2826 sensum
2322 2795 2534 2830 commu-

541 2864 646 2895 nem
689 2850 737 2895 &
778 2845 1086 2902 universalem,
1138 2861 1305 2907 nempe
1343 2845 1399 2891 ad
1441 2844 1614 2890 sensum
1653 2842 1814 2900 tactus,
1867 2843 1907 2890 se
1938 2842 2088 2900 refert,
2140 2844 2242 2891 sunt
2284 2848 2542 2911 varietates,

543 2910 656 2962 ficut
696 2913 870 2977 gustus,
914 2911 1156 2967 odoratus,
1186 2912 1381 2965 auditus,
1416 2909 1626 2965 gavisus,
1662 2915 1768 2972 quae
1806 2908 1907 2955 sunt
1947 2908 2153 2956 sensitiva
2188 2922 2387 2978 externa,
2441 2932 2533 2963 non

543 2981 623 3028 nisi
659 2995 796 3044 quam
839 2992 1000 3041 genera
1034 2975 1146 3039 ejus,
1182 2975 1375 3023 oriunda
1397 2991 1453 3024 ex
1477 2974 1682 3022 senfitivo
1721 2976 1913 3031 interno,
1948 2974 2036 3021 hoc
2070 2975 2149 3033 est,
2185 2993 2209 3024 a
2240 2981 2540 3043 perceptivo33

543 3048 642 3094 haec
675 3063 754 3110 per
794 3044 985 3092 multam
1022 3043 1342 3106 experientiam
1385 3041 1644 3088 confirmari
1678 3043 1875 3105 poffunt,
1924 3039 1999 3087 sed
2038 3041 2095 3089 de
2130 3042 2231 3100 illa,
2270 3061 2326 3091 ex
2367 3048 2537 3097 Divina

542 3115 735 3162 Domini
760 3110 1085 3166 Misericordia,
1121 3108 1200 3156 suo
1229 3108 1361 3156 loco:
1399 3107 1503 3154 inde
1542 3119 1680 3170 patet,
1716 3107 1842 3170 quod
1882 3107 2084 3170 palpare,
2117 3109 2162 3156 in
2195 3109 2319 3159 senfu
2358 3113 2538 3161 interno

542 3181 597 3229 sit
628 3179 927 3247 perceptionis
967 3177 1182 3224 intimum
1213 3177 1262 3223 δε
1301 3190 1471 3246 omne3
1522 3174 1758 3231 Praeterea,
1792 3189 1932 3223 omne
1953 3177 2290 3243 perceptivum,
2324 3180 2451 3243 quod
2474 3179 2540 3231 est·

2402 3246 2536 3294 inter-
2552 3241 2554 3243 ’
