2872 3730
536 120 827 250 242‘*
1002 165 2015 233 GENESIS.

531 318 606 358 12,
643 300 721 349 ubi
745 300 1047 364 de'Jehudah,
1083 319 1164 367 per
1198 318 1337 367 quem
1377 300 1440 349 ibi
1477 301 1745 365 intelligitur
1774 302 2022 358 Dominu3‚
2059 311 2112 349 ut
2151 301 2296 350 cuivis
2330 303 2531 352 constare

524 367 702 430 potest·,
739 369 1060 416 indumentum
1102 369 1164 415 ibi
1199 372 1248 417 ὅτ
1282 369 1490 415 velamen
1524 368 1586 415 est
1609 369 1837 416 Divinum
1860 368 2077 416 Naturale
2102 371 2295 416 Domini
2317 391 2330 425 ·,
2351 368 2530 419 'vinum

522 435 575 481 δε
615 433 791 499 sanguis
833 451 1046 493 uvarum,
1082 436 1145 482 est
1167 437 1393 483 Divinum
1436 437 1621 483 Bonum
1661 436 1710 483 ὅτ
1734 436 1963 483 Divinum
1988 431 2163 483 Verum
2188 436 2437 493 Naturalis,
2473 437 2530 490 de

525 497 608 547 illo
630 501 796 549 dicitur
832 502 959 566 quod
992 502 1046 549 s1t
1078 502 1212 549 ruber
1234 502 1378 549 oculis
1403 518 1498 566 prae
1522 503 1649 558 vino,
1686 501 1743 548 de
1766 502 1854 549 hoc
1876 502 2006 566 quod
2029 502 2080 549 fit
2105 503 2233 549 albus
2256 502 2410 550 dentes
2434 518 2531 565 prae

525 564 672 623 lacte3
716 567 780 615 est
820 567 1080 631 conjunctio
1114 568 1220 616 boni
1262 571 1309 615 &
1350 570 1447 628 veri
1487 570 1534 615 in
1557 567 1781 624 Naturali,
1817 584 1923 632 quae
1948 570 2008 615 ita
2031 568 2310 616 describitur.
2383 571 2533 632 Apud

524 632 721 691 Esaiam,
758 639 792 661 “
818 635 938 698 Qis
979 636 1051 682 hic
1088 636 1168 698 qui
1201 636 1327 682 venit
1359 650 1415 682 ex
1438 634 1615 690 Edom,
1652 634 1800 682 Ruber
1820 635 1959 699 quoad
1978 635 2143 696 vestem,
2179 637 2228 682 ὅτ
2254 635 2395 683 vestes
2421 636 2534 683 ficut

524 698 731 750 calcantis
758 703 804 748 in
837 701 1094 758 torculari,''
1131 717 1290 749 Lxm:
1322 718 1366 758 2,
1420 700 1498 748 ubi
1538 700 1696 749 Edom
1736 715 1821 764 pro
1848 702 2020 749 Divino
2042 703 2173 749 Bono
2196 703 2358 749 Divini
2382 703 2529 750 Natu-

524 765 628 814 ralis
653 768 863 824 Domini,
899 781 951 814 ut
973 783 1030 815 ex
1051 766 1334 831 sequentibus
1359 767 1548 831 patebit,
1584 767 1719 814 ruber
1758 767 1910 830 quoad
1934 767 2103 815 vestem
2127 768 2190 815 est
2214 769 2390 815 bonum
2416 771 2527 826 veri,

524 831 670 880 vestes
701 833 815 880 sicut
850 833 1057 888 calcantis
1093 836 1140 884 in
1173 834 1384 883 torculari
1417 833 1482 881 est
1503 850 1666 881 verum
1691 833 1813 881 boni.
1885 835 2032 897 Apud
2055 835 2317 896 Jeremiam,
2357 840 2391 863 ‘⁶
2415 836 2529 883 Albi

523 912 650 947 erant
672 900 876 947 Naziraei
899 898 994 963 ejus
1028 906 1124 963 prae
1159 901 1278 958 nive,
1313 900 1495 948 candidi
1532 902 1658 948 erant
1696 916 1791 963 prae
1828 899 1955 958 lacte,
1992 902 2136 958 Rubri
2177 911 2299 949 erant
2334 902 2409 966 offe
2435 915 2530 965 prae

516 969 692 1028 gemmis
728 966 990 1021 rubentibus,
1043 966 1275 1030 sapphirus
1315 967 1493 1030 polities
1532 968 1743 1023 eorum,'’
1777 967 1962 1016 Thre'n:
1993 984 2078 1015 iv:
2109 983 2153 1032 7,
2190 984 2270 1031 per
2292 969 2529 1017 Naziraeos

523 1031 920 1094 repraesentabatur
941 1033 1174 1078 Dominus
1207 1033 1356 1095 quoad
1381 1033 1609 1084 Divinum
1646 1033 1942 1089 Humanum,
1979 1035 2246 1096 cumprimis
2269 1036 2420 1098 quoad
2443 1037 2527 1083 Di·

524 1100 687 1145 vinum
712 1097 946 1154 Naturale,
982 1099 1043 1145 ita
1069 1097 1241 1144 bonum
1266 1098 1328 1145 ibi
1352 1113 1432 1160 per
1452 1098 1578 1160 quod
1605 1097 1727 1144 rubri
1752 1099 1886 1145 essent
1907 1099 1996 1145 offe
2018 1115 2114 1162 prae
2138 1102 2339 1163 gemmis
2362 1102 2527 1150 ruben-

523 1164 659 1212 tibus.
731 1165 856 1223 Quia
879 1163 1094 1211 Rubrum
1119 1163 1397 1227 fignificabat
1421 1163 1614 1219 bonum,
1651 1164 1878 1226 imprimis
1900 1163 2075 1210 bonum
2099 1166 2324 1222 naturalis,
2361 1166 2409 1213 id
2442 1167 2524 1224 est,

524 1230 723 1278 Ecclesia
746 1231 955 1292 Judaica,
991 1230 1071 1278 ubi
1094 1232 1247 1279 omnia
1270 1231 1319 1278 ὅτ
1350 1229 1526 1293 lingula
1560 1228 1914 1293 repraesentativa
1952 1242 2076 1277 erant
2100 1232 2312 1288 Domini,
2349 1248 2400 1280 ac
2423 1234 2529 1281 inde

524 1296 679 1360 Regni
701 1298 862 1362 Ipfius,
899 1297 1220 1360 consequenter
1244 1297 1353 1347 boni
1377 1298 1425 1344 δε
1452 1298 1564 1352 veri,
1600 1296 1707 1360 quia
1729 1311 1785 1343 ex
1816 1296 1884 1342 his
1907 1297 2126 1359 Regnum
2149 1299 2359 1355 Domini,
2398 1315 2526 1348 man-

522 1362 683 1412 datum
721 1364 800 1422 est,
851 1363 979 1428 quod
1018 1375 1342 1428 tegumentum
1375 1363 1605 1427 Tentorii*
1625 1363 1730 1410 effet
1765 1379 1813 1410 ex
1845 1362 2024 1425 pellibus
2062 1366 2244 1412 arietum
2283 1366 2524 1424 rubrorum,

522 1429 689 1481 Exod:
716 1446 842 1478 xxv:
864 1447 907 1493 5.
962 1430 1087 1494 Cap:
1115 1424 1264 1481 xxvi:
1298 1447 1371 1491 14.
1416 1430 1542 1493 Cap:
1563 1444 1720 1477 xxxv:
1749 1445 1792 1491 5.
1814 1431 1858 1476 6.
1881 1445 1922 1494 7.
1945 1446 2022 1492 23.
2060 1432 2185 1494 Cap:
2212 1446 2397 1481 xxxw:
2431 1450 2486 1499 19
2507 1456 2524 1490 ;

521 1497 588 1543 Et
610 1513 794 1561 quoque
826 1497 954 1561 quod
990 1513 1105 1561 aqua
1144 1497 1410 1561 expiationis
1451 1496 1579 1548 fieret
1616 1512 1673 1542 ex
1710 1497 1857 1542 cinere
1893 1496 2144 1544 combustae
2169 1500 2319 1545 Vaccae
2339 1499 2524 1557 Rubrae,

520 1562 684 1622 Num:
710 1579 824 1611 xix:
853 1579 878 1612 2
901 1559 1011 1627 seq:
1049 1562 1129 1610 nisi
1163 1562 1290 1612 color
1326 1561 1460 1613 ruber
1496 1561 1825 1624 fignificaviffet
1858 1560 2044 1624 aliquod
2080 1562 2262 1610 coeleste
2284 1564 2329 1610 in
2352 1565 2523 1628 Regno

520 1629 732 1685 Domini,
769 1627 988 1693 nusquam
1027 1628 1293 1676 mandatum
1332 1627 1496 1683 fuifl'et,
1532 1626 1659 1690 quod
1683 1627 1862 1674 Arietes
1885 1627 2023 1674 effent
2043 1626 2183 1685 rubri,
2218 1629 2267 1687 ᾃῑ
2291 1645 2427 1678 vacca
2447 1647 2524 1680 ru-

520 1694 629 1751 bra3
665 1695 795 1759 quod
833 1695 979 1743 sancta
1014 1711 1098 1761 per
1136 1694 1211 1742 illa
1248 1693 1557 1757 repraesentata
1592 1693 1692 1749 fint,
1744 1694 1948 1755 agnoscit
1981 1692 2168 1758 quisque
2206 1696 2287 1758 qui
2313 1696 2519 1746 Verbum

519 1760 720 1819 sanctum
762 1760 924 1817 habet:
961 1763 1068 1825 quia
1105 1760 1240 1809 ruber
1276 1760 1401 1810 color
1442 1759 1557 1806 illud
1593 1758 1887 1823 significabat,
1923 1758 2027 1806 ideo
2064 1763 2198 1807 etiam
2239 1766 2519 1824 tegumentis

518 1829 731 1876 Tentorii
765 1829 1001 1877 intertexta
1039 1826 1222 1878 fuerunt
1253 1827 1304 1879 &
1328 1827 1505 1890 alligata
1527 1842 1633 1889 quae
1656 1842 1713 1872 ex
1736 1825 1886 1872 colore
1908 1826 2117 1882 Coccineo,
2146 1838 2381 1887 purpureo,
2416 1830 2521 1884 hya-

516 1895 723 1952 cinthino,
755 1894 924 1942 Exod:
952 1910 1107 1943 xxxv:
1137 1911 1180 1958 5.
1252 1894 1380 1942 Sicut
1416 1893 1548 1956 'paene
1587 1892 1741 1940 omnia
1774 1892 1911 1938 etiam
1947 1889 2121 1938 sensum
2156 1893 2420 1956 oppositum
2444 1895 2521 1944 ha-

518 1961 644 2020 bent,
680 1974 732 2010 ut
753 1960 918 2026 saepius
943 1961 1136 2018 dictum,
1171 1961 1232 2007 ita
1263 1976 1448 2024 quoque
1484 1958 1692 2014 rubrum,
1727 1957 1950 2021 fignificat
1972 1968 2081 2005 tunc
2106 1958 2280 2007 malum
2304 1961 2432 2024 quod
2455 1963 2521 2012 est

514 2030 684 2076 amoris
707 2026 788 2085 sui,
824 2028 873 2076 &
897 2027 985 2076 hoc
1007 2028 1111 2076 inde
1135 2043 1335 2091 quoque,
1369 2026 1475 2089 quia
1500 2025 1772 2088 cupiditates
1790 2025 1957 2077 amoris
1973 2022 2042 2071 sui
2058 2038 2379 2089 comparantur
2400 2029 2517 2095 igni,

515 2096 567 2144 δε
591 2107 811 2142 vocantur
831 2095 967 2158 ignis,
1003 2110 1063 2143 n:
1092 2111 1188 2158 934
1211 2092 1243 2139 f.
1271 2109 1409 2160 1²97·
1435 2107 1575 2156 1527.
1601 2095 1739 2154 1528.
1772 2093 1909 2141 1861.
1938 2092 2102 2152 24453
2146 2092 2348 2159 similiter
2385 2110 2517 2142 com-

514 2174 729 2226 parantur
767 2160 989 2223 sanguini,
1025 2160 1074 2207 δε
1112 2171 1336 2207 vocantur
1374 2158 1568 2223 sanguiS,
1605 2175 1633 2205 n
1658 2176 1669 2206 :
1694 2173 1803 2221 374.
1830 2175 1943 2223 954.
1976 2174 2118 2221 1005,
2164 2158 2269 2206 inde
2298 2157 2518 2215 Rubrum

513 2230 562 2277 in
586 2228 795 2292 opposito
818 2225 939 2273 sensu
980 2225 1056 2274 illa
1092 2225 1330 2290 fignificat,
1364 2238 1418 2277 ut
1439 2224 1562 2290 apud
1587 2224 1780 2282 Esaiam,
1819 2229 1853 2252 “
1877 2223 2010 2285 Dixit
2032 2225 2255 2285 Jehovah,
2291 2226 2325 2273 fi
2345 2225 2515 2276 fuerint

512 2307 698 2359 peccata
735 2292 878 2342 vestra
913 2293 1028 2344 ficut
1064 2291 1265 2349 coccinea,
1300 2292 1415 2347 sieut
1452 2294 1533 2341 nix
1563 2290 1816 2347 albescent3
1852 2291 1884 2338 s1
1907 2291 2128 2339 rubuerint
2144 2291 2264 2350 ficut
2291 2304 2513 2356 purpura,

510 2362 627 2411 ficut
658 2361 756 2414 lana
788 2361 969 2418 erunt,'¹’
1001 2377 1050 2408 1:
1083 2364 1154 2410 18.
1224 2359 1372 2424 Apud
1393 2359 1601 2416 Nahum,
1639 2363 1674 2386 “
1693 2357 1894 2423 Clypeus
1923 2356 2114 2405 fortium
2138 2358 2329 2417 Belialis,
2365 2361 2515 2409 Ruber

499 2429 668 2492 fastus,
704 2428 791 2474 viri
827 2426 999 2474 roboris
1021 2426 1283 2490 Purpurafi,
1320 2427 1367 2474 in
1389 2428 1484 2494 igne
1500 2425 1750 2488 farularum
1773 2426 1930 2472 Currus
1953 2426 1999 2478 in
2024 2424 2148 2480 die,”
2171 2424 2232 2473 ii:
2258 2442 2305 2485 4.
2364 2426 2512 2490 Apud

511 2494 789 2555 Johannem,
826 2499 859 2520 “
883 2493 1043 2540 Visum
1068 2491 1133 2540 est
1155 2494 1277 2540 aliud
1300 2493 1481 2555 signum
1510 2494 1556 2539 in
1593 2492 1731 2548 coelo,
1766 2507 1870 2538 ecce
1891 2491 2019 2538 draco
2040 2506 2216 2552 magnus
2235 2490 2397 2553 Rufus,
2432 2491 2511 2539 ha-

510 2561 620 2608 bens
658 2561 802 2622 capita
836 2557 1024 2621 septem,
1076 2560 1125 2605 &
1166 2558 1299 2623 super
1338 2558 1560 2620 capitibus
1604 2557 1855 2616 diademata
1893 2555 2115 2618 septem,”
2149 2562 2257 2603 x11:
2287 2573 2346 2619 3:
2384 2557 2506 2620 apud

510 2625 746 2681 Eundem,
784 2629 816 2650 “
841 2624 971 2679 Vidi,
1012 2639 1114 2671 ecce
1152 2640 1295 2687 equus
1325 2622 1468 2680 albuS‚
1503 2624 1553 2672 δε
1577 2621 1728 2673 sedens
1752 2620 1882 2684 super
1913 2621 1993 2673 illo
2026 2620 2189 2670 habens
2220 2637 2395 2680 arcum,
2431 2624 2507 2670 cui

509 2692 612 2740 data
634 2690 698 2738 est
722 2705 902 2750 corona,
937 2689 1011 2736 hic
1050 2689 1193 2736 evivit
1229 2691 1432 2745 vincens,
1467 2688 1519 2740 &
1557 2698 1610 2741 ut
1646 2688 1879 2742 vinceret,
1916 2698 2025 2741 tunc
2063 2688 2202 2733 exivit
2232 2688 2344 2735 alius
2381 2705 2508 2753 equus

507 2758 650 2820 rufus,
684 2758 733 2804 &
757 2755 924 2802 sedenti
963 2754 1093 2818 super
1132 2770 1251 2818 equo
1291 2754 1450 2802 datum
1490 2752 1552 2800 est
1587 2764 1640 2799 ut
1674 2751 1866 2800 auferret
1888 2769 2046 2817 pacem
2070 2752 2126 2799 de
2149 2764 2278 2810 terra,
2315 2755 2365 2802 &
2388 2768 2440 2802 ut
2461 2756 2504 2802 se

506 2819 708 2874 invicem
743 2821 1018 2879 occiderent,
1053 2820 1175 2868 unde
1213 2820 1317 2873 data
1355 2819 1419 2866 est
1456 2818 1525 2874 illi,
1557 2818 1779 2868 machaera
1811 2834 2009 2882 magna3
2045 2817 2146 2883 post
2182 2820 2323 2867 exivit
2360 2837 2505 2886 equus

505 2892 653 2954 niger,
690 2888 873 2941 tandem
898 2903 1039 2950 equus
1063 2885 1250 2950 pallens,
1287 2886 1361 2938 cui
1387 2892 1552 2936 nomen
1578 2886 1751 2942 mors,''
1775 2886 1913 2948 Apoc
1934 2903 1944 2933 :
1964 2901 2016 2931 VI
2040 2903 2050 2933 :
2079 2902 2103 2934 2
2132 2885 2189 2932 ad
2217 2891 2258 2934 8.

575 2973 716 3020 3301.
758 2954 904 3020 Qod
929 2953 1081 3005 tunica
1102 2951 1259 3016 pilosa,
1294 2952 1516 3020 significet
1537 2967 1698 3002 verum
1723 2950 1948 3008 naturalis,
1984 2951 2155 2999 constat
2189 2968 2246 2999 ex
2278 2953 2501 3017 significa-

503 3022 625 3078 tione
647 3022 833 3079 tunicae‚
867 3020 996 3084 quod
1037 3019 1091 3066 fit
1129 3019 1215 3066 tale
1254 3018 1380 3082 quod
1421 3017 1545 3066 aliud
1583 3016 1777 3074 investit,
1815 3016 1886 3064 hic
1926 3017 2029 3064 ideo
2066 3034 2226 3066 verum
2269 3022 2375 3082 quia
2411 3020 2498 3068 hoc

503 3088 684 3147 investit
707 3087 898 3146 bonum,
934 3085 996 3132 est
1017 3087 1141 3133 enim
1165 3101 1329 3136 verum
1353 3084 1465 3141 ficut
1488 3082 1636 3140 vestis,
1673 3100 1730 3131 n:
1764 3091 1902 3148 1073ss
1932 3085 2077 3148 2576,
2114 3084 2186 3132 seu
2211 3086 2337 3148 quod
2370 3102 2501 3150 paene

483 3155 625 3209 ‚idern
650 3153 731 3214 est,
768 3153 830 3203 est
862 3168 1023 3200 verum
1053 3168 1130 3200 vas
1171 3153 1387 3216 recipiens
1427 3150 1551 3208 boni,
1588 3167 1649 3199 n:
1680 3150 1818 3214 1469.
1852 3151 1990 3215 1496.
2023 3155 2159 3215 1832.
2191 3170 2330 3217 1900.
2359 3153 2502 3266 2023.

2361 3235 2417 3269 22
2463 3236 2502 3267 1.
