2872 3730
514 223 598 286 70
1022 196 1085 268 G
1171 201 1235 269 E
1321 203 1408 271 N
1489 201 1552 270 E
1642 201 1697 272 S
1783 204 1830 272 1
1912 203 1983 275 S.

510 322 631 368 varia
666 320 865 386 religiosa
901 322 950 370 δε
991 323 1140 373 cultus
1180 324 1310 373 inde:
1347 325 1537 374 Bethuel
1565 326 1722 390 genuit
1744 324 2018 382 Rebeccam,
2053 322 2276 391 fignificat
2298 344 2355 377 ex
2377 329 2499 381 bono

510 386 791 437 affectionem
816 391 939 438 veri:
976 391 1080 438 octo
1105 390 1204 439 illos
1236 395 1410 455 peperit
1433 393 1620 441 Milkah
1642 392 1844 442 Nachori
1875 391 1999 440 fratri
2024 393 2291 452 Abrahami,
2327 396 2500 461 fignifi-

508 466 579 501 cat
599 454 780 505 alteram
805 456 980 504 claffem
1004 473 1162 508 eorum
1186 461 1267 522 qui
1290 459 1525 508 salvantur.
1672 465 1674 467 ’
2095 499 2097 503 .

580 522 720 570 2861.
759 524 862 570 Fuit
885 523 986 587 post
1009 524 1144 573 verba
1163 525 1253 581 illa,
1289 526 1414 589 quod
1440 526 1659 590 fignificet
1682 542 1750 573 res
1773 525 2003 586 transactas
2027 527 2269 591 spectantes
2296 529 2394 578 illos
2417 532 2497 594 qui

508 585 623 634 intra
647 588 910 646 Ecclesiam,
946 589 1119 639 constat
1139 607 1197 638 ex
1219 591 1541 655 fignificatione
1565 593 1829 649 verborum,
1865 593 1992 656 quod
2031 594 2116 641 lint
2147 610 2230 652 res,
2268 596 2314 643 in
2338 597 2495 661 lingua

510 654 718 716 originali
740 672 806 702 res
830 657 1042 704 dicuntur
1062 656 1213 714 verba,
1250 660 1309 704 ita
1330 658 1431 721 post
1451 655 1585 706 verba
1606 660 1680 707 illa
1700 659 1764 706 est
1786 659 1887 723 post
1909 676 1975 706 res
2000 659 2244 714 transactas.
2317 664 2494 711 Actum

506 718 569 765 est
593 722 638 765 in
662 722 1019 784 praecedentibus
1044 739 1068 770 a
1084 722 1220 771 Vers:
1254 742 1307 786 13
1343 724 1401 771 ad
1436 723 1558 772 hunc
1581 724 1791 781 Versum,
1828 726 1884 772 de
1907 727 2158 773 Salvatione
2182 728 2494 790 Spiritualium

508 801 565 831 ex
586 787 761 834 Divino
790 789 1015 836 Humano
1037 790 1245 846 Domini,
1281 791 1331 838 δε
1354 790 1547 853 quidem·
1577 790 1759 839 illorum
1783 793 1862 854 qui
1886 792 1932 838 in
1957 793 2078 840 bono
2112 794 2224 840 intra
2246 795 2493 843 Ecclefiam

507 850 624 908 sunt,
660 853 726 900 illi
757 853 857 901 sunt
887 856 966 918 qui
988 871 1092 902 vere
1115 854 1359 918 spirituales
1389 857 1567 921 poffunt
1597 858 1697 914 effe,
1732 858 1837 921 quia
1860 857 2065 905 Verbum
2089 858 2269 917 habent,
2306 862 2365 908 ita
2388 878 2493 909 vera

504 917 612 963 fidei
633 940 647 973 ;
682 936 764 983 per
785 936 888 967 vera
910 920 1128 969 doctrinae
1153 921 1391 985 conjuncta
1423 923 1545 970 bono
1566 925 1677 970 vitae
1700 924 1754 970 fit
1777 924 1917 971 homo
1940 924 2175 987 spiritualis
2194 947 2208 981 ς
2243 943 2379 974 omne
2404 928 2491 991 spi-

502 985 657 1031 rituale
679 986 743 1032 est
766 986 899 1034 inde:
939 987 1107 1034 Gentes
1131 1004 1239 1035 vero
1262 1001 1386 1037 extra
1405 990 1671 1046 Ecclesiam,
1705 991 1811 1053 quia
1833 990 2041 1037 Verbum
2080 1007 2174 1038 non
2212 991 2394 1048 habent,
2431 997 2492 1041 ira

502 1064 597 1096 non
620 1067 722 1099 vera
755 1053 877 1108 fidei,
912 1054 1130 1115 quamdiu
1152 1054 1200 1101 in
1223 1055 1399 1102 mundo
1422 1057 1603 1112 vivunt,
1635 1056 1806 1103 etiamfi
1842 1057 1888 1102 in
1921 1055 2043 1104 bono
2078 1057 2316 1114 charitatis,
2354 1059 2491 1122 usque

504 1131 597 1162 non
622 1115 722 1164 sunt
744 1134 846 1164 vere
868 1117 1130 1181 spirituales,
1166 1132 1407 1182 antequam
1430 1120 1477 1166 in
1500 1123 1618 1167 veris
1650 1121 1758 1167 fidei
1789 1121 1992 1168 instructi
2022 1122 2122 1169 sunt
2142 1144 2157 1179 3
2193 1125 2242 1171 ὅτ,
2266 1125 2372 1187 quia
2393 1126 2490 1188 ple-

503 1196 653 1245 raeque
677 1184 845 1231 Gentes
885 1186 933 1230 in
972 1184 1150 1231 mundo
1188 1185 1343 1231 instrui
1375 1195 1619 1248 nequeunt,
1656 1186 1721 1231 illi
1755 1189 1836 1248 qui
1868 1188 1915 1232 in
1944 1188 2153 1234 charitate
2186 1202 2347 1236 mutua
2367 1191 2416 1237 δε
2440 1193 2492 1238 in

499 1247 750 1296 obedientia
789 1252 1016 1307 vixerunt,
1065 1266 1121 1297 ex
1157 1250 1447 1298 Providentia
1485 1251 1536 1298 &
1572 1249 1892 1298 Misericordia.
1909 1253 2102 1298 Domini
2142 1254 2191 1299 in
2230 1254 2364 1301 altera
2393 1257 2488 1303 vita

498 1313 794 1372 instruuntur,
829 1317 878 1363 &
902 1329 1016 1363 tunc.
1035 1314 1162 1364 facile
1184 1317 1404 1380 recipiunt
1427 1332 1529 1364 vera
1552 1316 1676 1373 fidei,
1711 1317 1761 1364 δε
1785 1317 1903 1364 fiunt
1925 1317 2198 1380 spirituales;
2234 1320 2359 1383 quod
2378 1337 2489 1383 gen-

497 1381 615 1426 tium
640 1380 777 1428 status
799 1381 848 1429 &
874 1381 963 1429 sors
984 1384 1030 1429 in
1053 1383 1187 1430 altera
1209 1384 1303 1430 vita
1325 1383 1422 1430 talis
1445 1383 1514 1439 fit,
1550 1383 1754 1431 videatur
1774 1400 1803 1431 n
1824 1402 1834 1431 ε
1863 1388 1990 1449 2589
2016 1384 2072 1431 ad
2098 1385 2239 1445 2604.
2293 1388 2418 1450 Qia
2439 1389 2488 1435 in

495 1448 853 1508 praecedentibus
892 1449 1042 1496 actum
1075 1449 1138 1497 est
1173 1450 1230 1496 de
1262 1449 1347 1496 illis
1377 1450 1457 1512 qui
1490 1449 1713 1497 salvantur
1751 1466 1807 1497 ex
1839 1450 2015 1497 Divino
2046 1451 2270 1498 Humano
2292 1453 2486 1502 Domini

495 1512 610 1559 intra
630 1513 896 1571 Ecclefiam,
932 1515 1036 1562 ideo
1066 1516 1111 1561 in
1148 1515 1232 1570 his,
1267 1531 1373 1577 quae
1407 1515 1654 1578 sequuntur
1692 1516 1750 1562 ad
1783 1517 1924 1564 finem
1955 1514 2087 1579 hujus
2111 1517 2301 1579 Capitis,
2336 1521 2489 1581 agitur

494 1577 552 1624 de
586 1579 670 1624 illis
699 1581 779 1642 qui
811 1582 1032 1627 salvantur
1064 1592 1188 1627 extra
1209 1580 1475 1636 Ecclesiam,
1510 1582 1560 1628 &
1584 1581 1891 1642 fignificantur
1913 1597 1994 1644 per
2017 1581 2118 1643 illos
2154 1584 2235 1643 qui
2267 1586 2357 1630 nati
2384 1586 2483 1632 Na-

493 1643 619 1690 chori
653 1643 776 1692 fratri
803 1646 1049 1693 Abrahami
1076 1654 1133 1692 ex
1154 1645 1338 1694 Milkah
1361 1661 1502 1693 uxore
1531 1647 1581 1692 δε
1604 1661 1659 1692 ex
1682 1645 1893 1693 Reumah
1917 1646 2198 1701 concubina;
2234 1647 2322 1696 hoc
2344 1651 2481 1698 etiam

425 1737 427 1740 -
492 1707 691 1771 sequitur
713 1712 757 1757 in
792 1711 925 1766 serie·,
961 1712 1042 1775 qui
1080 1728 1171 1759 non
1208 1711 1382 1759 sensum
1421 1713 1650 1760 internum
1673 1711 1814 1759 Verbi
1853 1713 1999 1769 novit,
2035 1725 2212 1776 putaret
2231 1715 2358 1778 quod
2380 1716 2480 1764 haec

492 1774 640 1822 solum
688 1777 975 1841 genealogica
1019 1778 1155 1825 effent
1200 1779 1366 1825 domus
1406 1778 1648 1835 Therachi,
1697 1789 1884 1842 propter
1922 1778 2179 1827 Rebeccam
2217 1797 2323 1844 quae
2364 1780 2480 1830 facta

491 1841 708 1902 Jischako
730 1858 861 1899 uxor,
896 1856 948 1891 ut
985 1845 1034 1892 &
1071 1855 1254 1908 propter
1277 1845 1558 1902 Bethuelem,
1594 1842 1723 1907 cujus
1762 1844 1880 1891 binae
1912 1857 2066 1908 neptes
2096 1846 2193 1893 Lea
2233 1848 2281 1894 &
2306 1846 2478 1896 Rachel

489 1905 620 1955 faetae
644 1924 803 1956 uxores
825 1910 1013 1971 Jacobo,
1050 1927 1228 1967 verum,
1264 1922 1317 1958 ut
1347 1910 1508 1975 saepius
1532 1911 1726 1967 dietum,
1760 1911 1811 1958 &
1834 1910 2075 1968 ostensum,
2109 1913 2263 1960 omnia
2293 1915 2479 1962 nomina

490 1974 539 2020 in
560 1973 714 2022 Verbo
752 1976 1005 2039 fignificant
1043 1993 1126 2034 reS,
1178 1994 1234 2025 n:
1268 1994 1404 2037 1224.
1438 1978 1574 2037 1264.
1607 1978 1744 2041 1876.
1775 1981 1934 2033 1888;
1977 1980 2027 2025 δε
2058 1978 2144 2026 nifi
2179 1979 2478 2042 significarent

488 2055 573 2096 res,
610 2040 815 2090 Verbum
839 2058 932 2090 non
955 2041 1072 2091 foret
1090 2044 1315 2091 Divinum
1340 2043 1414 2091 sed
1435 2043 1750 2100 mundanum3
1786 2044 1892 2090 inde
1922 2044 2060 2091 etiam
2092 2045 2289 2093 constare
2310 2046 2476 2110 potest,

486 2106 614 2168 quod
640 2107 751 2166 haec,
786 2125 893 2173 quae
932 2111 1194 2174 sequuntur,
1229 2107 1427 2174 spectent
1461 2111 1508 2157 in
1547 2109 1653 2158 serie
1681 2109 1926 2158 Ecclefiam
1965 2109 2238 2175 spiritualem
2260 2112 2474 2170 Domini,

486 2172 561 2220 sed
600 2173 724 2221 illam
762 2191 868 2239 quae
908 2176 1029 2239 apud
1065 2188 1223 2240 gentes
1257 2176 1355 2233 est,
1389 2177 1440 2225 &
1479 2176 1567 2224 hoc
1605 2193 1685 2242 per
1705 2175 1966 2224 Nachorem
2000 2171 2181 2225 fratrem
2206 2177 2473 2236 Abrahami,

486 2249 540 2286 ut
555 2238 908 2302 significarentur
934 2242 1016 2300 illi,
1050 2245 1130 2307 qui
1150 2245 1195 2292 in
1219 2241 1488 2303 fraternitate
1511 2243 1690 2292 suntex
1718 2242 1858 2300 bono,
1893 2255 1946 2290 ut
1963 2242 2162 2307 sequitur
2183 2254 2240 2292 n:
2262 2245 2404 2308 2863.

554 2307 694 2354 2862.
751 2308 817 2355 Et
861 2309 1111 2356 indicatum
1147 2310 1429 2368 Abrahamo,
1464 2310 1674 2367 dicendo,
1709 2309 1835 2374 quod
1873 2309 2096 2372 fignificet
2133 2311 2474 2373 perceptionem

481 2370 692 2427 Domini,
727 2373 924 2422 constare
945 2375 1090 2437 potest
1111 2391 1168 2422 ex
1191 2376 1514 2439 significatione
1536 2376 1740 2431 indicari,
1775 2375 1910 2438 quod,
1940 2375 1995 2421 fit
2026 2376 2224 2437 cogitare
2248 2375 2298 2423 ὅτ
2322 2377 2473 2424 reflec-

481 2449 603 2493 tere·,
647 2438 698 2485 &
735 2439 898 2497 dicere,
946 2441 1072 2503 quod
1105 2441 1159 2488 sit
1193 2443 1437 2506 percipere,
1473 2441 1530 2488 de
1569 2457 1659 2504 qua
1697 2440 1858 2503 saepius
1895 2441 2053 2504 prius;
2091 2441 2276 2488 reflexio
2297 2441 2348 2489 &
2370 2459 2472 2508 per-

477 2505 631 2564 ceptio
652 2505 861 2562 Domini,
897 2506 955 2553 de
977 2523 1066 2569 qua
1095 2508 1142 2553 in
1163 2506 1286 2554 se'nsu
1310 2510 1487 2555 interno
1508 2507 1665 2562 Verbi,
1702 2522 1794 2552 non
1815 2506 1941 2551 aliter
1964 2507 2010 2551 in
2034 2505 2250 2551 historicis
2273 2509 2470 2568 exprimi

481 2566 643 2630 potest,
678 2586 818 2630 quam
850 2586 930 2632 per
957 2572 1143 2618 indicari
1172 2573 1224 2620 ὅτ
1256 2573 1403 2620 dicere
1421 2594 1438 2628 3
1473 2573 1522 2618 in
1553 2571 1596 2617 se
1624 2571 1760 2616 etiam
1784 2570 1967 2615 reflexio
1989 2570 2038 2616 &
2063 2573 2292 2634 perceptio
2314 2571 2377 2618 est
2399 2574 2468 2619 in·

481 2633 647 2680 dicatio
669 2633 719 2680 ὅτ
742 2635 926 2682 dictatio
946 2635 1130 2683 interna.

547 2699 688 2761 2863.
715 2699 848 2747 'Ecce
871 2703 1042 2764 peperit
1066 2700 1253 2749 Milkah
1272 2701 1407 2748 etiam
1430 2699 1505 2747 illa
1528 2700 1646 2748 filios
1668 2699 1871 2747 Nachori
1890 2696 2014 2746 fratri
2044 2711 2143 2757 tuo,
2177 2702 2305 2764 quod
2329 2702 2465 2766 signi-

476 2765 582 2812 ficet
604 2764 702 2811 illos
725 2767 805 2827 qui
828 2777 953 2813 extra
974 2766 1221 2814 Ecclefiam
1243 2766 1345 2814 sunt
1374 2769 1421 2814 in
1444 2765 1713 2814 fraternitate
1737 2781 1793 2812 ex
1815 2764 1955 2822 bono,
1992 2766 2190 2814 constare
2213 2769 2352 2826 etiam
2378 2786 2464 2832 po-

475 2830 560 2878 test
596 2846 652 2877 ex
688 2831 789 2888 illis,
826 2848 931 2896 quae
964 2833 1088 2896 prius
1122 2833 1178 2880 'de
1202 2831 1389 2881 Milkah·
1421 2833 1471 2880 &
1502 2833 1713 2880 Nachore
1733 2848 1793 2879 n:
1827 2834 1963 2894 1363.
1996 2833 2135 2896 1369.
2167 2850 2308 2896 1370,
2344 2835 2463 2883 dista

473 2895 590 2953 sunt,
641 2895 824 2945 fuerunt
860 2900 986 2946 enim
1023 2910 1110 2947 tres
1150 2898 1231 2947 filii
1272 2897 1526 2955 Theracho‚
1562 2898 1813 2954 Abraham,
1849 2897 2038 2945 Nachor
2076 2900 2127 2946 δε
2166 2899 2343 2957 Haran,
2378 2902 2460 2964 qui

471 2963 598 3025 quod
621 2962 729 3010 alioS
752 2964 858 3012 deos
881 2965 1117 3024 coluerint,
1153 2966 1359 3014 videatur
1381 2982 1412 3012 n
1431 2983 1443 3013 ε
1476 2965 1598 3029 1356
1615 2987 1630 3022 ;
1666 2963 1852 3012 Milkah
1875 2963 1963 3010 fuit
1991 2963 2084 3011 filia
2106 2965 2319 3022 Haranis,
2355 2982 2462 3028 qu'ae

468 3027 585 3076 faeta
606 3045 720 3077 uxor
736 3031 954 3089 Nachori,
987 3048 1049 3080 nr:
1078 3034 1203 3099 2369
1223 3055 1239 3089 ς
1276 3033 1324 3081 ὅτ
1348 3031 1508 3080 Haran
1533 3043 1741 3080 mortuus
1762 3027 2046 3094 superefacies
2066 3030 2289 3078 Therachi
2311 3033 2358 3096 in
2383 3031 2459 3081 Ur

469 3094 810 3156 Chaldaeorum,
845 3115 908 3148 n:
939 3099 1079 3166 1365.
1108 3100 1245 3165 1366.
1271 3099 1409 3164 1367.
1441 3099 1598 3162 1368;
1648 3097 1754 3148 inde
1795 3095 1995 3147 constare
2032 3097 2193 3162 potest,
2229 3099 2459 3213 qbulifikper

1413 3207 1416 3210 ,
1505 3191 1509 3196 ·
2311 3181 2324 3211 1
2380 3181 2455 3214 am

2408 3362 2444 3384 ἡ.
