<?xml version="1.0" encoding="UTF-8"?>
<!DOCTYPE html PUBLIC "-//W3C//DTD XHTML 1.0 Transitional//EN"
    "http://www.w3.org/TR/xhtml1/DTD/xhtml1-transitional.dtd">
<html xmlns="http://www.w3.org/1999/xhtml" xml:lang="en" lang="en">
 <head>
  <title>
</title>
<meta http-equiv="Content-Type" content="text/html;charset=utf-8" />
  <meta name='ocr-system' content='tesseract 3.04.00' />
  <meta name='ocr-capabilities' content='ocr_page ocr_carea ocr_par ocr_line ocrx_word'/>
</head>
<body>
  <div class='ocr_page' id='page_1' title='image "arcanacaelestiaq03sweduoft_0564.png"; bbox 0 0 2904 3750; ppageno 0'>
   <div class='ocr_carea' id='block_1_1' title="bbox 545 180 2549 743">
    <p class='ocr_par' dir='ltr' id='par_1_1' title="bbox 566 180 2129 282">
     <span class='ocr_line' id='line_1_1' title="bbox 566 180 2129 282; baseline -0.003 -24"><span class='ocrx_word' id='word_1_1' title='bbox 566 197 694 282; x_wconf 79' lang='lat'><em>560</em></span> <span class='ocrx_word' id='word_1_2' title='bbox 1038 180 2129 257; x_wconf 53' lang='lat' dir='ltr'><em>&#39;GE&#39;N&#39;E‘SISC&#39;</em></span> 
     </span>
    </p>

    <p class='ocr_par' dir='ltr' id='par_1_2' title="bbox 545 298 2549 743">
     <span class='ocr_line' id='line_1_2' title="bbox 561 298 2547 378; baseline -0.001 -18"><span class='ocrx_word' id='word_1_3' title='bbox 561 325 646 361; x_wconf 88' lang='lat' dir='ltr'><em>cor</em></span> <span class='ocrx_word' id='word_1_4' title='bbox 687 301 1071 378; x_wconf 73' lang='lat' dir='ltr'><em>correspondeat</em></span> <span class='ocrx_word' id='word_1_5' title='bbox 1123 303 1318 377; x_wconf 68' lang='lat' dir='ltr'><em>ccelesti</em></span> <span class='ocrx_word' id='word_1_6' title='bbox 1367 302 1507 377; x_wconf 85' lang='lat' dir='ltr'><em>quod</em></span> <span class='ocrx_word' id='word_1_7' title='bbox 1560 302 1639 376; x_wconf 79' lang='lat' dir='ltr'><em>eso</em></span> <span class='ocrx_word' id='word_1_8' title='bbox 1681 300 1815 370; x_wconf 87' lang='lat' dir='ltr'><em>boni,</em></span> <span class='ocrx_word' id='word_1_9' title='bbox 1861 300 1926 362; x_wconf 69' lang='grc' dir='ltr'><em>ὠ·</em></span> <span class='ocrx_word' id='word_1_10' title='bbox 1957 298 2232 375; x_wconf 83' lang='lat' dir='ltr'><em>pulmones</em></span> <span class='ocrx_word' id='word_1_11' title='bbox 2258 301 2547 376; x_wconf 75' lang='lat' dir='ltr'><em>spirituali</em></span> 
     </span>
     <span class='ocr_line' id='line_1_3' title="bbox 561 373 2546 453; baseline 0.002 -20"><span class='ocrx_word' id='word_1_12' title='bbox 561 377 701 453; x_wconf 90' lang='lat' dir='ltr'><em>quod</em></span> <span class='ocrx_word' id='word_1_13' title='bbox 732 376 808 447; x_wconf 88' lang='lat' dir='ltr'><em>est</em></span> <span class='ocrx_word' id='word_1_14' title='bbox 851 379 971 430; x_wconf 87' lang='lat' dir='ltr'><em>veri</em></span> <span class='ocrx_word' id='word_1_15' title='bbox 986 403 1005 438; x_wconf 93' lang='lat'><em>,·</em></span> <span class='ocrx_word' id='word_1_16' title='bbox 1045 378 1104 432; x_wconf 77' lang='lat'><em>&amp;²</em></span> <span class='ocrx_word' id='word_1_17' title='bbox 1144 376 1282 451; x_wconf 90' lang='lat' dir='ltr'><em>quod</em></span> <span class='ocrx_word' id='word_1_18' title='bbox 1315 376 1583 450; x_wconf 85' lang='lat' dir='ltr'><em>utriusque</em></span> <span class='ocrx_word' id='word_1_19' title='bbox 1627 373 1923 449; x_wconf 71' lang='lat' dir='ltr'><em>conjuncf&#39;z‘io</em></span> <span class='ocrx_word' id='word_1_20' title='bbox 1968 378 2025 430; x_wconf 90' lang='lat' dir='ltr'><em>in</em></span> <span class='ocrx_word' id='word_1_21' title='bbox 2052 374 2235 448; x_wconf 73' lang='lat' dir='ltr'><em>for-rm</em></span> <span class='ocrx_word' id='word_1_22' title='bbox 2277 380 2546 441; x_wconf 82' lang='lat' dir='ltr'><em>materiali</em></span> 
     </span>
     <span class='ocr_line' id='line_1_4' title="bbox 545 447 2549 524; baseline 0.001 -21"><span class='ocrx_word' id='word_1_23' title='bbox 545 456 613 523; x_wconf 86' lang='lat' dir='ltr'><em>se</em></span> <span class='ocrx_word' id='word_1_24' title='bbox 661 449 856 504; x_wconf 85' lang='lat' dir='ltr'><em>habeat</em></span> <span class='ocrx_word' id='word_1_25' title='bbox 883 450 1025 520; x_wconf 82' lang='lat' dir='ltr'><em>ficut</em></span> <span class='ocrx_word' id='word_1_26' title='bbox 1064 449 1228 503; x_wconf 87' lang='lat' dir='ltr'><em>cordis</em></span> <span class='ocrx_word' id='word_1_27' title='bbox 1263 449 1322 503; x_wconf 82' lang='lat'><em>&amp;</em></span> <span class='ocrx_word' id='word_1_28' title='bbox 1342 447 1641 522; x_wconf 89' lang='lat' dir='ltr'><em>pulmonum</em></span> <span class='ocrx_word' id='word_1_29' title='bbox 1661 470 1678 502; x_wconf 89' lang='grc'><em>.·</em></span> <span class='ocrx_word' id='word_1_30' title='bbox 1714 448 1773 502; x_wconf 74' lang='lat'><em>&amp;³</em></span> <span class='ocrx_word' id='word_1_31' title='bbox 1798 448 2013 516; x_wconf 63' lang='lat' dir='ltr'><em>dictum,</em></span> <span class='ocrx_word' id='word_1_32' title='bbox 2053 447 2200 523; x_wconf 77' lang='lat' dir='ltr'><em>quod.</em></span> <span class='ocrx_word' id='word_1_33' title='bbox 2212 447 2460 519; x_wconf 79' lang='lat' dir='ltr'><em>similiter</em></span> <span class='ocrx_word' id='word_1_34' title='bbox 2479 454 2549 524; x_wconf 80' lang='lat' dir='ltr'><em>fi’</em></span> 
     </span>
     <span class='ocr_line' id='line_1_5' title="bbox 560 521 2546 598; baseline 0.001 -20"><span class='ocrx_word' id='word_1_35' title='bbox 560 522 751 578; x_wconf 83' lang='lat' dir='ltr'><em>habeat</em></span> <span class='ocrx_word' id='word_1_36' title='bbox 800 525 855 577; x_wconf 88' lang='lat' dir='ltr'><em>in</em></span> <span class='ocrx_word' id='word_1_37' title='bbox 895 524 1136 594; x_wconf 86' lang='lat' dir='ltr'><em>universo</em></span> <span class='ocrx_word' id='word_1_38' title='bbox 1174 536 1393 597; x_wconf 90' lang='lat' dir='ltr'><em>corpore,</em></span> <span class='ocrx_word' id='word_1_39' title='bbox 1454 536 1632 598; x_wconf 73' lang='lat' dir='ltr'><em>nempe</em></span> <span class='ocrx_word' id='word_1_40' title='bbox 1671 526 1729 578; x_wconf 91' lang='lat' dir='ltr'><em>in</em></span> <span class='ocrx_word' id='word_1_41' title='bbox 1761 521 1987 596; x_wconf 85' lang='lat' dir='ltr'><em>fingulis</em></span> <span class='ocrx_word' id='word_1_42' title='bbox 2022 523 2138 597; x_wconf 90' lang='lat' dir='ltr'><em>ejus</em></span> <span class='ocrx_word' id='word_1_43' title='bbox 2174 522 2422 589; x_wconf 84' lang='lat' dir='ltr'><em>membris,</em></span> <span class='ocrx_word' id='word_1_44' title='bbox 2444 538 2447 542; x_wconf 71' lang='grc'>’</span> <span class='ocrx_word' id='word_1_45' title='bbox 2469 545 2546 580; x_wconf 84' lang='grc' dir='ltr'><em>ον-</em></span> 
     </span>
     <span class='ocr_line' id='line_1_6' title="bbox 551 591 2546 670; baseline 0.002 -20"><span class='ocrx_word' id='word_1_46' title='bbox 551 599 706 670; x_wconf 87' lang='lat' dir='ltr'><em>ganis</em></span> <span class='ocrx_word' id='word_1_47' title='bbox 741 596 799 648; x_wconf 82' lang='lat'><em>&amp;</em></span> <span class='ocrx_word' id='word_1_48' title='bbox 828 595 1123 669; x_wconf 82' lang='lat' dir='ltr'><em>visceribus,</em></span> <span class='ocrx_word' id='word_1_49' title='bbox 1162 613 1278 650; x_wconf 89' lang='lat' dir='ltr'><em>cum</em></span> <span class='ocrx_word' id='word_1_50' title='bbox 1314 596 1423 650; x_wconf 89' lang='lat' dir='ltr'><em>illis</em></span> <span class='ocrx_word' id='word_1_51' title='bbox 1457 614 1570 670; x_wconf 86' lang='lat' dir='ltr'><em>quae</em></span> <span class='ocrx_word' id='word_1_52' title='bbox 1596 595 1671 650; x_wconf 86' lang='lat' dir='ltr'><em>ibi</em></span> <span class='ocrx_word' id='word_1_53' title='bbox 1696 596 1832 668; x_wconf 86' lang='lat' dir='ltr'><em>sunt</em></span> <span class='ocrx_word' id='word_1_54' title='bbox 1849 594 2038 660; x_wconf 87' lang='lat' dir='ltr'><em>cordis,</em></span> <span class='ocrx_word' id='word_1_55' title='bbox 2080 591 2144 656; x_wconf 65' lang='grc' dir='ltr'><em>ὠ·</em></span> <span class='ocrx_word' id='word_1_56' title='bbox 2177 613 2292 670; x_wconf 80' lang='lat' dir='ltr'><em>quae</em></span> <span class='ocrx_word' id='word_1_57' title='bbox 2322 596 2397 651; x_wconf 88' lang='lat' dir='ltr'><em>ibi</em></span> <span class='ocrx_word' id='word_1_58' title='bbox 2407 600 2546 670; x_wconf 71' lang='lat' dir='ltr'><em>sient</em></span> 
     </span>
     <span class='ocr_line' id='line_1_7' title="bbox 552 667 2547 743; baseline 0.002 -20"><span class='ocrx_word' id='word_1_59' title='bbox 552 670 886 743; x_wconf 79' lang='lat' dir='ltr'><em>pulmonum3</em></span> <span class='ocrx_word' id='word_1_60' title='bbox 923 672 1008 723; x_wconf 86' lang='lat' dir='ltr'><em>ubi</em></span> <span class='ocrx_word' id='word_1_61' title='bbox 1039 671 1171 723; x_wconf 87' lang='lat' dir='ltr'><em>enim</em></span> <span class='ocrx_word' id='word_1_62' title='bbox 1211 687 1312 723; x_wconf 89' lang='lat' dir='ltr'><em>non</em></span> <span class='ocrx_word' id='word_1_63' title='bbox 1350 670 1496 722; x_wconf 87' lang='lat' dir='ltr'><em>ambo</em></span> <span class='ocrx_word' id='word_1_64' title='bbox 1537 681 1722 743; x_wconf 86' lang='lat' dir='ltr'><em>agunt,</em></span> <span class='ocrx_word' id='word_1_65' title='bbox 1776 667 1841 730; x_wconf 56' lang='grc' dir='ltr'><em>ἐν</em></span> <span class='ocrx_word' id='word_1_66' title='bbox 1877 668 2260 742; x_wconf 83' lang='lat' dir='ltr'><em>unumquodvis</em></span> <span class='ocrx_word' id='word_1_67' title='bbox 2294 668 2547 742; x_wconf 58' lang='lat' dir='ltr'><em>distincte</em></span> 
     </span>
    </p>
   </div>
   <div class='ocr_carea' id='block_1_2' title="bbox 540 737 2649 825">
    <p class='ocr_par' dir='ltr' id='par_1_3' title="bbox 540 737 2649 825">
     <span class='ocr_line' id='line_1_8' title="bbox 540 737 2649 825; baseline 0.002 -29"><span class='ocrx_word' id='word_1_68' title='bbox 540 744 673 812; x_wconf 78' lang='lat' dir='ltr'><em>fleas</em></span> <span class='ocrx_word' id='word_1_69' title='bbox 708 744 865 806; x_wconf 87' lang='lat' dir='ltr'><em>vices,</em></span> <span class='ocrx_word' id='word_1_70' title='bbox 923 743 1001 796; x_wconf 86' lang='lat' dir='ltr'><em>ibi</em></span> <span class='ocrx_word' id='word_1_71' title='bbox 1025 760 1127 796; x_wconf 90' lang='lat' dir='ltr'><em>non</em></span> <span class='ocrx_word' id='word_1_72' title='bbox 1146 742 1320 814; x_wconf 86' lang='lat' dir='ltr'><em>potest·</em></span> <span class='ocrx_word' id='word_1_73' title='bbox 1332 737 1457 825; x_wconf 45' lang='lat' dir='ltr'><em>effe</em></span> <span class='ocrx_word' id='word_1_74' title='bbox 1481 740 1668 816; x_wconf 89' lang='lat' dir='ltr'><em>aliquis</em></span> <span class='ocrx_word' id='word_1_75' title='bbox 1701 753 1865 797; x_wconf 89' lang='lat' dir='ltr'><em>motus</em></span> <span class='ocrx_word' id='word_1_76' title='bbox 1911 744 2048 796; x_wconf 84' lang='lat' dir='ltr'><em>vitae</em></span> <span class='ocrx_word' id='word_1_77' title='bbox 2079 760 2113 797; x_wconf 87' lang='lat' dir='ltr'><em>a</em></span> <span class='ocrx_word' id='word_1_78' title='bbox 2144 744 2402 816; x_wconf 86' lang='lat' dir='ltr'><em>principio</em></span> <span class='ocrx_word' id='word_1_79' title='bbox 2436 745 2546 800; x_wconf 88' lang='lat' dir='ltr'><em>ali·</em></span> <span class='ocrx_word' id='word_1_80' title='bbox 2642 797 2649 801; x_wconf 90' lang='grc'><em>,</em></span> 
     </span>
    </p>
   </div>
   <div class='ocr_carea' id='block_1_3' title="bbox 535 815 2575 3218">
    <p class='ocr_par' dir='ltr' id='par_1_4' title="bbox 559 815 2545 944">
     <span class='ocr_line' id='line_1_9' title="bbox 559 815 2545 943; baseline 0.003 -75"><span class='ocrx_word' id='word_1_81' title='bbox 559 834 659 943; x_wconf 67' lang='lat' dir='ltr'><em>quo</em></span> <span class='ocrx_word' id='word_1_82' title='bbox 694 816 1008 943; x_wconf 68' lang='lat' dir='ltr'><em>vloluntario,</em></span> <span class='ocrx_word' id='word_1_83' title='bbox 1052 833 1145 870; x_wconf 87' lang='lat' dir='ltr'><em>nec</em></span> <span class='ocrx_word' id='word_1_84' title='bbox 1177 815 1366 891; x_wconf 78' lang='lat' dir='ltr'><em>aliquis</em></span> <span class='ocrx_word' id='word_1_85' title='bbox 1402 815 1591 888; x_wconf 73' lang='lat' dir='ltr'><em>sensus</em></span> <span class='ocrx_word' id='word_1_86' title='bbox 1634 817 1769 870; x_wconf 82' lang='lat' dir='ltr'><em>vitae</em></span> <span class='ocrx_word' id='word_1_87' title='bbox 1820 831 1856 867; x_wconf 93' lang='lat' dir='ltr'><em>a</em></span> <span class='ocrx_word' id='word_1_88' title='bbox 1877 815 2136 887; x_wconf 87' lang='lat' dir='ltr'><em>principio</em></span> <span class='ocrx_word' id='word_1_89' title='bbox 2167 816 2344 890; x_wconf 88' lang='lat' dir='ltr'><em>aliquo</em></span> <span class='ocrx_word' id='word_1_90' title='bbox 2383 818 2545 873; x_wconf 89' lang='lat' dir='ltr'><em>intel-</em></span> 
     </span>
     <span class='ocr_line' id='line_1_10' title="bbox 583 890 2468 944; baseline -0.001 -2"><span class='ocrx_word' id='word_1_91' title='bbox 583 890 729 943; x_wconf 69' lang='lat' dir='ltr'><em>ec‘tua</em></span> <span class='ocrx_word' id='word_1_92' title='bbox 751 891 788 942; x_wconf 86' lang='lat' dir='ltr'><em>i.</em></span> <span class='ocrx_word' id='word_1_93' title='bbox 2347 940 2351 944; x_wconf 82' lang='grc'><strong>,</strong></span> <span class='ocrx_word' id='word_1_94' title='bbox 2465 940 2468 941; x_wconf 15' lang='lat'><em>⁷</em></span> 
     </span>
    </p>

    <p class='ocr_par' dir='ltr' id='par_1_5' title="bbox 538 956 2555 2056">
     <span class='ocr_line' id='line_1_11' title="bbox 635 956 2547 1037; baseline 0.002 -22"><span class='ocrx_word' id='word_1_95' title='bbox 635 965 797 1033; x_wconf 84' lang='lat'>3890.</span> <span class='ocrx_word' id='word_1_96' title='bbox 840 960 1004 1016; x_wconf 79' lang='lat' dir='ltr'><em>Prius</em></span> <span class='ocrx_word' id='word_1_97' title='bbox 1029 956 1310 1037; x_wconf 68' lang='lat' dir='ltr'><em>aliquoties</em></span> <span class='ocrx_word' id='word_1_98' title='bbox 1327 961 1525 1018; x_wconf 62' lang='lat' dir='ltr'><em>ditium</em></span> <span class='ocrx_word' id='word_1_99' title='bbox 1545 961 1631 1032; x_wconf 82' lang='lat' dir='ltr'><em>est,</em></span> <span class='ocrx_word' id='word_1_100' title='bbox 1660 960 1801 1037; x_wconf 89' lang='lat' dir='ltr'><em>quod</em></span> <span class='ocrx_word' id='word_1_101' title='bbox 1818 959 2014 1016; x_wconf 86' lang='lat' dir='ltr'><em>Coelum</em></span> <span class='ocrx_word' id='word_1_102' title='bbox 2033 961 2124 1032; x_wconf 77' lang='lat' dir='ltr'><em>seu</em></span> <span class='ocrx_word' id='word_1_103' title='bbox 2149 959 2434 1031; x_wconf 53' lang='lat' dir='ltr'><em>issam-imus&gt;</em></span> <span class='ocrx_word' id='word_1_104' title='bbox 2451 964 2547 1019; x_wconf 80' lang='lat' dir='ltr'><em>ho-&#39;</em></span> 
     </span>
     <span class='ocr_line' id='line_1_12' title="bbox 559 1032 2550 1108; baseline 0.002 -20"><span class='ocrx_word' id='word_1_105' title='bbox 559 1051 653 1100; x_wconf 87' lang='lat' dir='ltr'><em>mo,</em></span> <span class='ocrx_word' id='word_1_106' title='bbox 672 1038 727 1088; x_wconf 90' lang='lat' dir='ltr'><em>in</em></span> <span class='ocrx_word' id='word_1_107' title='bbox 740 1036 1135 1090; x_wconf 85' lang='lat' dir='ltr'><em>innumerabiles</em></span> <span class='ocrx_word' id='word_1_108' title='bbox 1145 1037 1433 1108; x_wconf 74' lang='lat' dir='ltr'><em>societates</em></span> <span class='ocrx_word' id='word_1_109' title='bbox 1454 1036 1746 1108; x_wconf 68' lang='lat' dir='ltr'><em>distini&#39;t&#39;um</em></span> <span class='ocrx_word' id='word_1_110' title='bbox 1755 1035 1851 1104; x_wconf 84' lang='lat' dir='ltr'><em>sit,</em></span> <span class='ocrx_word' id='word_1_111' title='bbox 1875 1032 1940 1095; x_wconf 64' lang='grc' dir='ltr'><em>ὅγ’</em></span> <span class='ocrx_word' id='word_1_112' title='bbox 1959 1037 2018 1089; x_wconf 90' lang='lat' dir='ltr'><em>in</em></span> <span class='ocrx_word' id='word_1_113' title='bbox 2022 1052 2216 1108; x_wconf 88' lang='lat' dir='ltr'><em>genere</em></span> <span class='ocrx_word' id='word_1_114' title='bbox 2239 1036 2297 1088; x_wconf 88' lang='lat' dir='ltr'><em>in</em></span> <span class='ocrx_word' id='word_1_115' title='bbox 2322 1036 2550 1092; x_wconf 88' lang='lat' dir='ltr'><em>totidem·</em></span> 
     </span>
     <span class='ocr_line' id='line_1_13' title="bbox 564 1106 2555 1183; baseline 0.003 -22"><span class='ocrx_word' id='word_1_116' title='bbox 564 1119 690 1181; x_wconf 89' lang='lat' dir='ltr'><em>quot</em></span> <span class='ocrx_word' id='word_1_117' title='bbox 701 1110 835 1180; x_wconf 71' lang='lat' dir='ltr'><em>sient</em></span> <span class='ocrx_word' id='word_1_118' title='bbox 851 1110 1067 1183; x_wconf 84' lang='lat' dir='ltr'><em>Organa</em></span> <span class='ocrx_word' id='word_1_119' title='bbox 1085 1107 1150 1171; x_wconf 60' lang='grc' dir='ltr'><em>ἐν</em></span> <span class='ocrx_word' id='word_1_120' title='bbox 1167 1111 1372 1183; x_wconf 71' lang='lat' dir='ltr'><em>visoera</em></span> <span class='ocrx_word' id='word_1_121' title='bbox 1391 1113 1449 1165; x_wconf 92' lang='lat' dir='ltr'><em>in</em></span> <span class='ocrx_word' id='word_1_122' title='bbox 1473 1123 1692 1183; x_wconf 85' lang='lat' dir='ltr'><em>corpore,</em></span> <span class='ocrx_word' id='word_1_123' title='bbox 1713 1107 1776 1170; x_wconf 61' lang='grc' dir='ltr'><strong><em>ὠ</em></strong></span> <span class='ocrx_word' id='word_1_124' title='bbox 1796 1107 1938 1183; x_wconf 88' lang='lat' dir='ltr'><em>quod</em></span> <span class='ocrx_word' id='word_1_125' title='bbox 1938 1106 2159 1182; x_wconf 83' lang='lat' dir='ltr'><em>fingulae</em></span> <span class='ocrx_word' id='word_1_126' title='bbox 2160 1108 2452 1179; x_wconf 84' lang='lat' dir='ltr'><em>societates</em></span> <span class='ocrx_word' id='word_1_127' title='bbox 2475 1110 2555 1166; x_wconf 88' lang='lat' dir='ltr'><em>ad</em></span> 
     </span>
     <span class='ocr_line' id='line_1_14' title="bbox 560 1181 2549 1258; baseline 0.003 -24"><span class='ocrx_word' id='word_1_128' title='bbox 560 1198 719 1235; x_wconf 88' lang='lat' dir='ltr'><em>unum</em></span> <span class='ocrx_word' id='word_1_129' title='bbox 744 1182 950 1236; x_wconf 87' lang='lat' dir='ltr'><em>illorum</em></span> <span class='ocrx_word' id='word_1_130' title='bbox 967 1187 1290 1255; x_wconf 90' lang='lat' dir='ltr'><em>pertineant,</em></span> <span class='ocrx_word' id='word_1_131' title='bbox 1317 1202 1351 1238; x_wconf 91' lang='lat' dir='ltr'><em>n</em></span> <span class='ocrx_word' id='word_1_132' title='bbox 1368 1205 1384 1238; x_wconf 94' lang='grc'><em>.·</em></span> <span class='ocrx_word' id='word_1_133' title='bbox 1413 1200 1592 1256; x_wconf 80' lang='lat'>37455</span> <span class='ocrx_word' id='word_1_134' title='bbox 1621 1195 1734 1237; x_wconf 85' lang='lat' dir='ltr'><em>tum</em></span> <span class='ocrx_word' id='word_1_135' title='bbox 1758 1181 1899 1258; x_wconf 89' lang='lat' dir='ltr'><em>quod</em></span> <span class='ocrx_word' id='word_1_136' title='bbox 1902 1183 2210 1253; x_wconf 89' lang='lat' dir='ltr'><em>societates,</em></span> <span class='ocrx_word' id='word_1_137' title='bbox 2240 1181 2453 1252; x_wconf 77' lang='lat' dir='ltr'><em>tametfi</em></span> <span class='ocrx_word' id='word_1_138' title='bbox 2467 1185 2549 1239; x_wconf 82' lang='lat' dir='ltr'><em>in-</em></span> 
     </span>
     <span class='ocr_line' id='line_1_15' title="bbox 559 1253 2546 1332; baseline 0.002 -24"><span class='ocrx_word' id='word_1_139' title='bbox 559 1254 899 1309; x_wconf 86' lang='lat' dir='ltr'><em>numerabiles</em></span> <span class='ocrx_word' id='word_1_140' title='bbox 927 1257 1060 1327; x_wconf 84' lang='lat' dir='ltr'><em>simt</em></span> <span class='ocrx_word' id='word_1_141' title='bbox 1100 1256 1164 1323; x_wconf 62' lang='grc' dir='ltr'><em>(ς’</em></span> <span class='ocrx_word' id='word_1_142' title='bbox 1189 1260 1374 1321; x_wconf 86' lang='lat' dir='ltr'><em>variae,</em></span> <span class='ocrx_word' id='word_1_143' title='bbox 1411 1259 1568 1332; x_wconf 89' lang='lat' dir='ltr'><em>usque</em></span> <span class='ocrx_word' id='word_1_144' title='bbox 1597 1274 1755 1312; x_wconf 80' lang='lat' dir='ltr'><em>unum</em></span> <span class='ocrx_word' id='word_1_145' title='bbox 1782 1266 1962 1329; x_wconf 83' lang='lat' dir='ltr'><em>agant,</em></span> <span class='ocrx_word' id='word_1_146' title='bbox 1984 1253 2128 1325; x_wconf 82' lang='lat' dir='ltr'><em>sicut</em></span> <span class='ocrx_word' id='word_1_147' title='bbox 2152 1255 2322 1308; x_wconf 88' lang='lat' dir='ltr'><em>omnia</em></span> <span class='ocrx_word' id='word_1_148' title='bbox 2348 1272 2462 1328; x_wconf 86' lang='lat' dir='ltr'><em>quae</em></span> <span class='ocrx_word' id='word_1_149' title='bbox 2485 1260 2546 1311; x_wconf 88' lang='lat' dir='ltr'><em>in</em></span> 
     </span>
     <span class='ocr_line' id='line_1_16' title="bbox 559 1326 2547 1404; baseline 0.003 -25"><span class='ocrx_word' id='word_1_150' title='bbox 559 1341 775 1400; x_wconf 90' lang='lat' dir='ltr'><em>corpore,</em></span> <span class='ocrx_word' id='word_1_151' title='bbox 814 1328 1021 1396; x_wconf 79' lang='lat' dir='ltr'><em>tametsi</em></span> <span class='ocrx_word' id='word_1_152' title='bbox 1057 1333 1210 1385; x_wconf 85' lang='lat' dir='ltr'><em>varia</em></span> <span class='ocrx_word' id='word_1_153' title='bbox 1238 1333 1391 1404; x_wconf 71' lang='lat' dir='ltr'><em>sient,</em></span> <span class='ocrx_word' id='word_1_154' title='bbox 1432 1349 1589 1386; x_wconf 87' lang='lat' dir='ltr'><em>unum</em></span> <span class='ocrx_word' id='word_1_155' title='bbox 1616 1331 1907 1403; x_wconf 74' lang='lat' dir='ltr'><em>societates</em></span> <span class='ocrx_word' id='word_1_156' title='bbox 1951 1346 2064 1402; x_wconf 82' lang='lat' dir='ltr'><em>quae</em></span> <span class='ocrx_word' id='word_1_157' title='bbox 2103 1326 2234 1382; x_wconf 86' lang='lat' dir='ltr'><em>inibi</em></span> <span class='ocrx_word' id='word_1_158' title='bbox 2277 1327 2352 1382; x_wconf 90' lang='lat' dir='ltr'><em>ad</em></span> <span class='ocrx_word' id='word_1_159' title='bbox 2373 1328 2547 1384; x_wconf 86' lang='lat' dir='ltr'><em>cordis</em></span> 
     </span>
     <span class='ocr_line' id='line_1_17' title="bbox 554 1401 2544 1476; baseline 0.002 -23"><span class='ocrx_word' id='word_1_160' title='bbox 554 1403 886 1472; x_wconf 84' lang='lat' dir='ltr'><em>provinciam</em></span> <span class='ocrx_word' id='word_1_161' title='bbox 915 1406 1206 1475; x_wconf 86' lang='lat' dir='ltr'><em>pertinent,</em></span> <span class='ocrx_word' id='word_1_162' title='bbox 1257 1403 1474 1476; x_wconf 75' lang='lat' dir='ltr'><em>coelesles</em></span> <span class='ocrx_word' id='word_1_163' title='bbox 1505 1405 1793 1475; x_wconf 78' lang='lat' dir='ltr'><em>societates</em></span> <span class='ocrx_word' id='word_1_164' title='bbox 1830 1403 1983 1476; x_wconf 71' lang='lat' dir='ltr'><em>siant,</em></span> <span class='ocrx_word' id='word_1_165' title='bbox 2020 1401 2078 1454; x_wconf 58' lang='grc' dir='ltr'><em>ΕΘ*</em></span> <span class='ocrx_word' id='word_1_166' title='bbox 2104 1401 2240 1473; x_wconf 69' lang='lat' dir='ltr'><em>fiant</em></span> <span class='ocrx_word' id='word_1_167' title='bbox 2282 1402 2341 1456; x_wconf 88' lang='lat' dir='ltr'><em>in</em></span> <span class='ocrx_word' id='word_1_168' title='bbox 2376 1401 2544 1457; x_wconf 87' lang='lat' dir='ltr'><em>medio</em></span> 
     </span>
     <span class='ocr_line' id='line_1_18' title="bbox 544 1473 2531 1551; baseline 0.002 -25"><span class='ocrx_word' id='word_1_169' title='bbox 544 1473 719 1545; x_wconf 80' lang='lat' dir='ltr'><em>souin</em></span> <span class='ocrx_word' id='word_1_170' title='bbox 738 1475 962 1540; x_wconf 88' lang='lat' dir='ltr'><em>intimis,</em></span> <span class='ocrx_word' id='word_1_171' title='bbox 990 1494 1102 1550; x_wconf 83' lang='lat' dir='ltr'><em>quae</em></span> <span class='ocrx_word' id='word_1_172' title='bbox 1127 1488 1302 1531; x_wconf 90' lang='lat' dir='ltr'><em>autem</em></span> <span class='ocrx_word' id='word_1_173' title='bbox 1327 1478 1403 1533; x_wconf 91' lang='lat' dir='ltr'><em>ad</em></span> <span class='ocrx_word' id='word_1_174' title='bbox 1416 1478 1713 1551; x_wconf 90' lang='lat' dir='ltr'><em>pulmonum</em></span> <span class='ocrx_word' id='word_1_175' title='bbox 1729 1478 2066 1548; x_wconf 86' lang='lat' dir='ltr'><em>provinciam</em></span> <span class='ocrx_word' id='word_1_176' title='bbox 2089 1473 2221 1550; x_wconf 85' lang='lat' dir='ltr'><em>inibi</em></span> <span class='ocrx_word' id='word_1_177' title='bbox 2233 1477 2531 1547; x_wconf 87' lang='lat' dir='ltr'><em>pertinent,</em></span> 
     </span>
     <span class='ocr_line' id='line_1_19' title="bbox 545 1544 2544 1622; baseline 0.002 -23"><span class='ocrx_word' id='word_1_178' title='bbox 545 1546 858 1618; x_wconf 83' lang='lat' dir='ltr'><em>spirituales</em></span> <span class='ocrx_word' id='word_1_179' title='bbox 881 1551 1031 1620; x_wconf 69' lang='lat' dir='ltr'><em>fient,</em></span> <span class='ocrx_word' id='word_1_180' title='bbox 1070 1548 1136 1610; x_wconf 54' lang='grc' dir='ltr'><em>ἐφ’</em></span> <span class='ocrx_word' id='word_1_181' title='bbox 1163 1551 1298 1622; x_wconf 72' lang='lat' dir='ltr'><em>sient</em></span> <span class='ocrx_word' id='word_1_182' title='bbox 1335 1553 1670 1605; x_wconf 88' lang='lat' dir='ltr'><em>circumcirca</em></span> <span class='ocrx_word' id='word_1_183' title='bbox 1703 1550 1763 1604; x_wconf 72' lang='lat'><em>&amp;²</em></span> <span class='ocrx_word' id='word_1_184' title='bbox 1791 1552 1848 1604; x_wconf 91' lang='lat' dir='ltr'><em>in</em></span> <span class='ocrx_word' id='word_1_185' title='bbox 1880 1544 2232 1603; x_wconf 82' lang='lat' dir='ltr'><em>exterioribus</em></span> <span class='ocrx_word' id='word_1_186' title='bbox 2250 1573 2270 1609; x_wconf 69' lang='lat'>3</span> <span class='ocrx_word' id='word_1_187' title='bbox 2310 1546 2544 1618; x_wconf 81' lang='lat' dir='ltr'><em>influxus</em></span> 
     </span>
     <span class='ocr_line' id='line_1_20' title="bbox 557 1619 2545 1696; baseline 0.002 -26"><span class='ocrx_word' id='word_1_188' title='bbox 557 1637 595 1670; x_wconf 89' lang='lat' dir='ltr'><em>a</em></span> <span class='ocrx_word' id='word_1_189' title='bbox 609 1619 845 1673; x_wconf 78' lang='lat' dir='ltr'><em>Domino</em></span> <span class='ocrx_word' id='word_1_190' title='bbox 872 1622 934 1685; x_wconf 86' lang='lat' dir='ltr'><em>est</em></span> <span class='ocrx_word' id='word_1_191' title='bbox 952 1635 1046 1692; x_wconf 90' lang='lat' dir='ltr'><em>per</em></span> <span class='ocrx_word' id='word_1_192' title='bbox 1065 1623 1277 1686; x_wconf 73' lang='lat' dir='ltr'><em>coelesies</em></span> <span class='ocrx_word' id='word_1_193' title='bbox 1300 1626 1356 1678; x_wconf 90' lang='lat' dir='ltr'><em>in</em></span> <span class='ocrx_word' id='word_1_194' title='bbox 1370 1623 1700 1696; x_wconf 87' lang='lat' dir='ltr'><em>spirituales,</em></span> <span class='ocrx_word' id='word_1_195' title='bbox 1714 1624 1813 1694; x_wconf 75' lang='lat' dir='ltr'><em>fi’u</em></span> <span class='ocrx_word' id='word_1_196' title='bbox 1826 1636 1926 1694; x_wconf 87' lang='lat' dir='ltr'><em>per</em></span> <span class='ocrx_word' id='word_1_197' title='bbox 1945 1620 2169 1675; x_wconf 87' lang='lat' dir='ltr'><em>medium</em></span> <span class='ocrx_word' id='word_1_198' title='bbox 2194 1623 2252 1674; x_wconf 88' lang='lat' dir='ltr'><em>in</em></span> <span class='ocrx_word' id='word_1_199' title='bbox 2270 1622 2545 1685; x_wconf 87' lang='lat' dir='ltr'><em>circuitus,</em></span> 
     </span>
     <span class='ocr_line' id='line_1_21' title="bbox 557 1690 2542 1765; baseline 0.001 -20"><span class='ocrx_word' id='word_1_200' title='bbox 557 1690 654 1744; x_wconf 87' lang='lat' dir='ltr'><em>hoc</em></span> <span class='ocrx_word' id='word_1_201' title='bbox 676 1692 762 1759; x_wconf 79' lang='lat' dir='ltr'><em>est,</em></span> <span class='ocrx_word' id='word_1_202' title='bbox 778 1705 878 1763; x_wconf 89' lang='lat' dir='ltr'><em>per</em></span> <span class='ocrx_word' id='word_1_203' title='bbox 902 1696 1093 1746; x_wconf 88' lang='lat' dir='ltr'><em>intima</em></span> <span class='ocrx_word' id='word_1_204' title='bbox 1118 1693 1192 1747; x_wconf 93' lang='lat' dir='ltr'><em>ad</em></span> <span class='ocrx_word' id='word_1_205' title='bbox 1213 1699 1476 1749; x_wconf 83' lang='lat' dir='ltr'><em>exteriora</em></span> <span class='ocrx_word' id='word_1_206' title='bbox 1496 1721 1514 1756; x_wconf 89' lang='lat'><em>,-</em></span> <span class='ocrx_word' id='word_1_207' title='bbox 1554 1695 1650 1747; x_wconf 87' lang='lat' dir='ltr'><em>hoc</em></span> <span class='ocrx_word' id='word_1_208' title='bbox 1674 1694 1795 1747; x_wconf 90' lang='lat' dir='ltr'><em>inde</em></span> <span class='ocrx_word' id='word_1_209' title='bbox 1821 1693 1890 1761; x_wconf 88' lang='lat' dir='ltr'><em>est</em></span> <span class='ocrx_word' id='word_1_210' title='bbox 1917 1696 2042 1765; x_wconf 85' lang='lat' dir='ltr'><em>quia</em></span> <span class='ocrx_word' id='word_1_211' title='bbox 2068 1693 2339 1746; x_wconf 81' lang='lat' dir='ltr'><em>Dominus</em></span> <span class='ocrx_word' id='word_1_212' title='bbox 2352 1705 2452 1764; x_wconf 89' lang='lat' dir='ltr'><em>per</em></span> <span class='ocrx_word' id='word_1_213' title='bbox 2478 1713 2542 1747; x_wconf 89' lang='lat' dir='ltr'><em>a·-</em></span> 
     </span>
     <span class='ocr_line' id='line_1_22' title="bbox 555 1763 2540 1839; baseline 0.002 -24"><span class='ocrx_word' id='word_1_214' title='bbox 555 1780 746 1816; x_wconf 76' lang='lat' dir='ltr'><em>morem</em></span> <span class='ocrx_word' id='word_1_215' title='bbox 768 1765 867 1836; x_wconf 71' lang='lat' dir='ltr'><em>sou</em></span> <span class='ocrx_word' id='word_1_216' title='bbox 892 1765 1292 1837; x_wconf 77' lang='lat' dir='ltr'><em>mifi³ricordiam</em></span> <span class='ocrx_word' id='word_1_217' title='bbox 1317 1767 1511 1837; x_wconf 90' lang='lat' dir='ltr'><em>influit,</em></span> <span class='ocrx_word' id='word_1_218' title='bbox 1551 1765 1672 1820; x_wconf 91' lang='lat' dir='ltr'><em>inde</em></span> <span class='ocrx_word' id='word_1_219' title='bbox 1708 1783 1852 1820; x_wconf 89' lang='lat' dir='ltr'><em>omne</em></span> <span class='ocrx_word' id='word_1_220' title='bbox 1877 1763 2064 1835; x_wconf 65' lang='lat' dir='ltr'><em>caeleste</em></span> <span class='ocrx_word' id='word_1_221' title='bbox 2107 1763 2247 1836; x_wconf 88' lang='lat' dir='ltr'><em>quod</em></span> <span class='ocrx_word' id='word_1_222' title='bbox 2272 1766 2329 1817; x_wconf 88' lang='lat' dir='ltr'><em>in</em></span> <span class='ocrx_word' id='word_1_223' title='bbox 2360 1764 2540 1839; x_wconf 87' lang='lat' dir='ltr'><em>Regno</em></span> 
     </span>
     <span class='ocr_line' id='line_1_23' title="bbox 561 1834 2542 1912; baseline 0.002 -23"><span class='ocrx_word' id='word_1_224' title='bbox 561 1835 741 1906; x_wconf 69' lang='lat' dir='ltr'><em>Ipfius‚</em></span> <span class='ocrx_word' id='word_1_225' title='bbox 778 1837 953 1910; x_wconf 81' lang='lat' dir='ltr'><em>&amp;per</em></span> <span class='ocrx_word' id='word_1_226' title='bbox 975 1856 1196 1893; x_wconf 90' lang='lat' dir='ltr'><em>amorem</em></span> <span class='ocrx_word' id='word_1_227' title='bbox 1206 1840 1304 1910; x_wconf 70' lang='lat' dir='ltr'><em>fi’u</em></span> <span class='ocrx_word' id='word_1_228' title='bbox 1331 1839 1731 1912; x_wconf 74' lang='lat' dir='ltr'><em>misericordiam</em></span> <span class='ocrx_word' id='word_1_229' title='bbox 1772 1841 1828 1892; x_wconf 90' lang='lat' dir='ltr'><em>in</em></span> <span class='ocrx_word' id='word_1_230' title='bbox 1856 1838 2036 1892; x_wconf 84' lang='lat' dir='ltr'><em>bonum</em></span> <span class='ocrx_word' id='word_1_231' title='bbox 2061 1836 2213 1906; x_wconf 92' lang='lat' dir='ltr'><em>fidei,</em></span> <span class='ocrx_word' id='word_1_232' title='bbox 2250 1834 2371 1889; x_wconf 86' lang='lat' dir='ltr'><em>inde</em></span> <span class='ocrx_word' id='word_1_233' title='bbox 2395 1855 2542 1892; x_wconf 89' lang='lat' dir='ltr'><em>omne</em></span> 
     </span>
     <span class='ocr_line' id='line_1_24' title="bbox 542 1907 2540 1985; baseline 0.002 -24"><span class='ocrx_word' id='word_1_234' title='bbox 542 1909 826 1980; x_wconf 82' lang='lat' dir='ltr'><em>spirituale</em></span> <span class='ocrx_word' id='word_1_235' title='bbox 869 1910 1007 1984; x_wconf 85' lang='lat' dir='ltr'><em>quod</em></span> <span class='ocrx_word' id='word_1_236' title='bbox 1043 1913 1100 1965; x_wconf 89' lang='lat' dir='ltr'><em>in</em></span> <span class='ocrx_word' id='word_1_237' title='bbox 1129 1913 1310 1982; x_wconf 86' lang='lat' dir='ltr'><em>Regno</em></span> <span class='ocrx_word' id='word_1_238' title='bbox 1349 1911 1528 1985; x_wconf 81' lang='lat' dir='ltr'><em>Ipsius,</em></span> <span class='ocrx_word' id='word_1_239' title='bbox 1570 1909 1635 1972; x_wconf 65' lang='grc' dir='ltr'><em>ὠ·</em></span> <span class='ocrx_word' id='word_1_240' title='bbox 1678 1911 1774 1964; x_wconf 88' lang='lat' dir='ltr'><em>hoc</em></span> <span class='ocrx_word' id='word_1_241' title='bbox 1810 1928 1924 1964; x_wconf 89' lang='lat' dir='ltr'><em>cum</em></span> <span class='ocrx_word' id='word_1_242' title='bbox 1958 1907 2221 1979; x_wconf 83' lang='lat' dir='ltr'><em>ineffabili</em></span> <span class='ocrx_word' id='word_1_243' title='bbox 2255 1909 2540 1979; x_wconf 90' lang='lat' dir='ltr'><em>varietate,</em></span> 
     </span>
     <span class='ocr_line' id='line_1_25' title="bbox 538 1981 2146 2056; baseline -0.001 -20"><span class='ocrx_word' id='word_1_244' title='bbox 538 1981 652 2053; x_wconf 87' lang='lat' dir='ltr'><em>sed</em></span> <span class='ocrx_word' id='word_1_245' title='bbox 673 1986 911 2036; x_wconf 86' lang='lat' dir='ltr'><em>varietas</em></span> <span class='ocrx_word' id='word_1_246' title='bbox 938 2002 1054 2038; x_wconf 82' lang='lat' dir='ltr'><em>non·</em></span> <span class='ocrx_word' id='word_1_247' title='bbox 1071 1985 1246 2055; x_wconf 82' lang='lat' dir='ltr'><em>existit</em></span> <span class='ocrx_word' id='word_1_248' title='bbox 1279 2003 1347 2039; x_wconf 85' lang='lat' dir='ltr'><em>ex</em></span> <span class='ocrx_word' id='word_1_249' title='bbox 1388 1986 1601 2055; x_wconf 84' lang='lat' dir='ltr'><em>influxu,</em></span> <span class='ocrx_word' id='word_1_250' title='bbox 1625 1983 1733 2056; x_wconf 74' lang='lat' dir='ltr'><em>sod</em></span> <span class='ocrx_word' id='word_1_251' title='bbox 1753 2001 1820 2037; x_wconf 83' lang='lat' dir='ltr'><em>ex</em></span> <span class='ocrx_word' id='word_1_252' title='bbox 1845 2000 1956 2036; x_wconf 90' lang='lat' dir='ltr'><em>rece</em></span> <span class='ocrx_word' id='word_1_253' title='bbox 1991 1984 2146 2035; x_wconf 88' lang='lat' dir='ltr'><em>tione.</em></span> 
     </span>
    </p>

    <p class='ocr_par' dir='ltr' id='par_1_6' title="bbox 535 2053 2575 3218">
     <span class='ocr_line' id='line_1_26' title="bbox 631 2053 2543 2130; baseline 0.001 -22"><span class='ocrx_word' id='word_1_254' title='bbox 631 2058 798 2125; x_wconf 75' lang='lat'><em>3891.</em></span> <span class='ocrx_word' id='word_1_255' title='bbox 841 2057 1125 2130; x_wconf 72' lang='lat' dir='ltr'><em>Qodnon</em></span> <span class='ocrx_word' id='word_1_256' title='bbox 1151 2058 1292 2112; x_wconf 86' lang='lat' dir='ltr'><em>modo</em></span> <span class='ocrx_word' id='word_1_257' title='bbox 1319 2059 1617 2129; x_wconf 72' lang='lat' dir='ltr'><em>univerfiim</em></span> <span class='ocrx_word' id='word_1_258' title='bbox 1661 2056 1867 2120; x_wconf 81' lang='lat' dir='ltr'><em>Caelum,</em></span> <span class='ocrx_word' id='word_1_259' title='bbox 1939 2066 2048 2110; x_wconf 80' lang='lat' dir='ltr'><em>zcut</em></span> <span class='ocrx_word' id='word_1_260' title='bbox 2085 2071 2218 2109; x_wconf 89' lang='lat' dir='ltr'><em>unus</em></span> <span class='ocrx_word' id='word_1_261' title='bbox 2255 2053 2427 2120; x_wconf 79' lang='lat' dir='ltr'><em>homo,</em></span> <span class='ocrx_word' id='word_1_262' title='bbox 2458 2073 2543 2110; x_wconf 87' lang='lat' dir='ltr'><em>re-</em></span> 
     </span>
     <span class='ocr_line' id='line_1_27' title="bbox 535 2127 2575 2203; baseline 0.001 -23"><span class='ocrx_word' id='word_1_263' title='bbox 535 2128 742 2200; x_wconf 64' lang='lat' dir='ltr'><em>spiret,</em></span> <span class='ocrx_word' id='word_1_264' title='bbox 757 2129 864 2200; x_wconf 74' lang='lat' dir='ltr'><em>fid</em></span> <span class='ocrx_word' id='word_1_265' title='bbox 898 2132 1059 2184; x_wconf 89' lang='lat' dir='ltr'><em>etiam</em></span> <span class='ocrx_word' id='word_1_266' title='bbox 1075 2129 1293 2202; x_wconf 80' lang='lat' dir='ltr'><em>fingulae</em></span> <span class='ocrx_word' id='word_1_267' title='bbox 1317 2131 1606 2203; x_wconf 91' lang='lat' dir='ltr'><em>societates</em></span> <span class='ocrx_word' id='word_1_268' title='bbox 1643 2132 1700 2184; x_wconf 90' lang='lat' dir='ltr'><em>in</em></span> <span class='ocrx_word' id='word_1_269' title='bbox 1735 2129 2003 2201; x_wconf 89' lang='lat' dir='ltr'><em>consortio,</em></span> <span class='ocrx_word' id='word_1_270' title='bbox 2057 2130 2173 2189; x_wconf 11' lang='lat' dir='ltr'><em>imo,</em></span> <span class='ocrx_word' id='word_1_271' title='bbox 2195 2127 2335 2201; x_wconf 91' lang='lat' dir='ltr'><em>quod</em></span> <span class='ocrx_word' id='word_1_272' title='bbox 2365 2147 2540 2183; x_wconf 84' lang='lat' dir='ltr'><em>omnes</em></span> <span class='ocrx_word' id='word_1_273' title='bbox 2572 2156 2575 2160; x_wconf 91' lang='lat'>·</span> 
     </span>
     <span class='ocr_line' id='line_1_28' title="bbox 551 2199 2536 2276; baseline 0.002 -24"><span class='ocrx_word' id='word_1_274' title='bbox 551 2200 730 2272; x_wconf 82' lang='lat' dir='ltr'><em>angeli</em></span> <span class='ocrx_word' id='word_1_275' title='bbox 768 2199 833 2261; x_wconf 63' lang='lat' dir='ltr'><em>(J</em></span> <span class='ocrx_word' id='word_1_276' title='bbox 875 2203 1122 2274; x_wconf 81' lang='lat' dir='ltr'><em>spiritus,</em></span> <span class='ocrx_word' id='word_1_277' title='bbox 1165 2202 1408 2273; x_wconf 79' lang='lat' dir='ltr'><em>testatum</em></span> <span class='ocrx_word' id='word_1_278' title='bbox 1452 2203 1584 2257; x_wconf 86' lang='lat' dir='ltr'><em>mihi</em></span> <span class='ocrx_word' id='word_1_279' title='bbox 1611 2202 1827 2276; x_wconf 60' lang='lat' dir='ltr'><em>fabium</em></span> <span class='ocrx_word' id='word_1_280' title='bbox 1876 2201 1945 2272; x_wconf 79' lang='lat' dir='ltr'><em>est</em></span> <span class='ocrx_word' id='word_1_281' title='bbox 1981 2212 2082 2272; x_wconf 89' lang='lat' dir='ltr'><em>per</em></span> <span class='ocrx_word' id='word_1_282' title='bbox 2127 2202 2296 2254; x_wconf 86' lang='lat' dir='ltr'><em>vivas</em></span> <span class='ocrx_word' id='word_1_283' title='bbox 2330 2205 2536 2273; x_wconf 78' lang='lat' dir='ltr'><em>experi-</em></span> 
     </span>
     <span class='ocr_line' id='line_1_29' title="bbox 549 2271 2532 2346; baseline 0.002 -22"><span class='ocrx_word' id='word_1_284' title='bbox 549 2275 729 2325; x_wconf 82' lang='lat' dir='ltr'><em>entias</em></span> <span class='ocrx_word' id='word_1_285' title='bbox 777 2274 1059 2346; x_wconf 79' lang='lat' dir='ltr'><em>perplures,</em></span> <span class='ocrx_word' id='word_1_286' title='bbox 1117 2274 1242 2330; x_wconf 93' lang='lat' dir='ltr'><em>adeo</em></span> <span class='ocrx_word' id='word_1_287' title='bbox 1299 2289 1361 2331; x_wconf 88' lang='lat' dir='ltr'><em>ut</em></span> <span class='ocrx_word' id='word_1_288' title='bbox 1420 2276 1617 2343; x_wconf 88' lang='lat' dir='ltr'><em>nullum</em></span> <span class='ocrx_word' id='word_1_289' title='bbox 1669 2274 1878 2330; x_wconf 86' lang='lat' dir='ltr'><em>dubium</em></span> <span class='ocrx_word' id='word_1_290' title='bbox 1931 2273 2063 2329; x_wconf 86' lang='lat' dir='ltr'><em>mihi</em></span> <span class='ocrx_word' id='word_1_291' title='bbox 2114 2271 2195 2344; x_wconf 82' lang='lat' dir='ltr'><em>sit</em></span> <span class='ocrx_word' id='word_1_292' title='bbox 2253 2273 2492 2328; x_wconf 65' lang='lat' dir='ltr'><em>relictum</em></span> <span class='ocrx_word' id='word_1_293' title='bbox 2509 2302 2532 2338; x_wconf 75' lang='lat'>3</span> 
     </span>
     <span class='ocr_line' id='line_1_30' title="bbox 548 2345 2538 2426; baseline 0.002 -26"><span class='ocrx_word' id='word_1_294' title='bbox 548 2347 656 2400; x_wconf 79' lang='lat' dir='ltr'><em>imo</em></span> <span class='ocrx_word' id='word_1_295' title='bbox 694 2350 958 2402; x_wconf 64' lang='lat' dir='ltr'><em>‚mirantur</em></span> <span class='ocrx_word' id='word_1_296' title='bbox 993 2348 1240 2420; x_wconf 72' lang='lat' dir='ltr'><em>spiritus,</em></span> <span class='ocrx_word' id='word_1_297' title='bbox 1288 2349 1351 2420; x_wconf 84' lang='lat' dir='ltr'><em>st</em></span> <span class='ocrx_word' id='word_1_298' title='bbox 1378 2351 1648 2426; x_wconf 86' lang='lat' dir='ltr'><em>quisquam</em></span> <span class='ocrx_word' id='word_1_299' title='bbox 1669 2347 1754 2403; x_wconf 70' lang='lat' dir='ltr'><em>‘de</em></span> <span class='ocrx_word' id='word_1_300' title='bbox 1807 2366 1863 2402; x_wconf 91' lang='lat' dir='ltr'><em>eo</em></span> <span class='ocrx_word' id='word_1_301' title='bbox 1925 2346 2193 2402; x_wconf 88' lang='lat' dir='ltr'><em>dubitaret</em></span> <span class='ocrx_word' id='word_1_302' title='bbox 2208 2366 2225 2399; x_wconf 85' lang='grc'><em>.-</em></span> <span class='ocrx_word' id='word_1_303' title='bbox 2265 2345 2371 2419; x_wconf 76' lang='lat' dir='ltr'><em>sed</em></span> <span class='ocrx_word' id='word_1_304' title='bbox 2410 2350 2538 2421; x_wconf 84' lang='lat' dir='ltr'><em>quia</em></span> 
     </span>
     <span class='ocr_line' id='line_1_31' title="bbox 540 2419 2536 2497; baseline 0.003 -27"><span class='ocrx_word' id='word_1_305' title='bbox 540 2421 706 2489; x_wconf 76' lang='lat' dir='ltr'><em>pauci</em></span> <span class='ocrx_word' id='word_1_306' title='bbox 726 2422 878 2492; x_wconf 77' lang='lat' dir='ltr'><em>sunt,</em></span> <span class='ocrx_word' id='word_1_307' title='bbox 926 2423 1027 2495; x_wconf 74' lang='lat' dir='ltr'><em>qui</em></span> <span class='ocrx_word' id='word_1_308' title='bbox 1072 2422 1140 2476; x_wconf 87' lang='lat' dir='ltr'><em>de</em></span> <span class='ocrx_word' id='word_1_309' title='bbox 1185 2423 1411 2497; x_wconf 84' lang='lat' dir='ltr'><em>Angelis</em></span> <span class='ocrx_word' id='word_1_310' title='bbox 1457 2421 1522 2485; x_wconf 63' lang='grc' dir='ltr'><em>ὠν</em></span> <span class='ocrx_word' id='word_1_311' title='bbox 1567 2420 1852 2496; x_wconf 84' lang='lat' dir='ltr'><em>Spiritibus</em></span> <span class='ocrx_word' id='word_1_312' title='bbox 1900 2420 2063 2475; x_wconf 87' lang='lat' dir='ltr'><em>aliam</em></span> <span class='ocrx_word' id='word_1_313' title='bbox 2105 2419 2277 2485; x_wconf 91' lang='lat' dir='ltr'><em>ideam</em></span> <span class='ocrx_word' id='word_1_314' title='bbox 2323 2419 2536 2489; x_wconf 82' lang='lat' dir='ltr'><em>habent,</em></span> 
     </span>
     <span class='ocr_line' id='line_1_32' title="bbox 554 2491 2534 2571; baseline 0.002 -26"><span class='ocrx_word' id='word_1_315' title='bbox 554 2499 708 2564; x_wconf 69' lang='lat' dir='ltr'><em>quain</em></span> <span class='ocrx_word' id='word_1_316' title='bbox 761 2494 971 2567; x_wconf 77' lang='lat' dir='ltr'><em>‚qualem</em></span> <span class='ocrx_word' id='word_1_317' title='bbox 993 2494 1059 2548; x_wconf 88' lang='lat' dir='ltr'><em>de</em></span> <span class='ocrx_word' id='word_1_318' title='bbox 1083 2497 1438 2560; x_wconf 87' lang='lat' dir='ltr'><em>immateriali,</em></span> <span class='ocrx_word' id='word_1_319' title='bbox 1477 2514 1541 2551; x_wconf 90' lang='lat' dir='ltr'><em>ac</em></span> <span class='ocrx_word' id='word_1_320' title='bbox 1582 2495 1704 2550; x_wconf 89' lang='lat' dir='ltr'><em>inde</em></span> <span class='ocrx_word' id='word_1_321' title='bbox 1752 2494 1892 2571; x_wconf 90' lang='lat' dir='ltr'><em>quod</em></span> <span class='ocrx_word' id='word_1_322' title='bbox 1920 2495 2109 2565; x_wconf 88' lang='lat' dir='ltr'><em>forent</em></span> <span class='ocrx_word' id='word_1_323' title='bbox 2154 2491 2298 2547; x_wconf 90' lang='lat' dir='ltr'><em>modo</em></span> <span class='ocrx_word' id='word_1_324' title='bbox 2331 2496 2534 2567; x_wconf 87' lang='lat' dir='ltr'><em>cogita-</em></span> 
     </span>
     <span class='ocr_line' id='line_1_33' title="bbox 553 2565 2534 2642; baseline 0.004 -28"><span class='ocrx_word' id='word_1_325' title='bbox 553 2567 737 2627; x_wconf 83' lang='lat' dir='ltr'><em>tiones,</em></span> <span class='ocrx_word' id='word_1_326' title='bbox 777 2573 859 2620; x_wconf 80' lang='lat' dir='ltr'><em>ita</em></span> <span class='ocrx_word' id='word_1_327' title='bbox 888 2567 1035 2642; x_wconf 26' lang='lat' dir='ltr'><em>*quod</em></span> <span class='ocrx_word' id='word_1_328' title='bbox 1065 2571 1169 2622; x_wconf 81' lang='lat' dir='ltr'><em>vix</em></span> <span class='ocrx_word' id='word_1_329' title='bbox 1196 2568 1515 2641; x_wconf 58' lang='lat' dir='ltr'><em>substantiae,</em></span> <span class='ocrx_word' id='word_1_330' title='bbox 1581 2571 1752 2623; x_wconf 88' lang='lat' dir='ltr'><em>minus</em></span> <span class='ocrx_word' id='word_1_331' title='bbox 1794 2568 1934 2642; x_wconf 87' lang='lat' dir='ltr'><em>quod</em></span> <span class='ocrx_word' id='word_1_332' title='bbox 1962 2566 2096 2636; x_wconf 83' lang='lat' dir='ltr'><em>ficut</em></span> <span class='ocrx_word' id='word_1_333' title='bbox 2135 2565 2366 2620; x_wconf 88' lang='lat' dir='ltr'><em>homines</em></span> <span class='ocrx_word' id='word_1_334' title='bbox 2403 2568 2534 2638; x_wconf 82' lang='lat' dir='ltr'><em>sen-</em></span> 
     </span>
     <span class='ocr_line' id='line_1_34' title="bbox 536 2633 2534 2714; baseline 0.001 -23"><span class='ocrx_word' id='word_1_335' title='bbox 536 2633 613 2704; x_wconf 86' lang='lat' dir='ltr'><em>su</em></span> <span class='ocrx_word' id='word_1_336' title='bbox 659 2639 821 2706; x_wconf 72' lang='lat' dir='ltr'><em>vistis,</em></span> <span class='ocrx_word' id='word_1_337' title='bbox 847 2641 1005 2712; x_wconf 70' lang='lat' dir='ltr'><em>sensti</em></span> <span class='ocrx_word' id='word_1_338' title='bbox 1046 2640 1278 2709; x_wconf 81' lang='lat' dir='ltr'><em>auditus,</em></span> <span class='ocrx_word' id='word_1_339' title='bbox 1319 2640 1383 2702; x_wconf 68' lang='grc' dir='ltr'><em>ὠ·</em></span> <span class='ocrx_word' id='word_1_340' title='bbox 1405 2644 1566 2714; x_wconf 76' lang='lat' dir='ltr'><em>stnfh</em></span> <span class='ocrx_word' id='word_1_341' title='bbox 1591 2642 1770 2697; x_wconf 66' lang='lat' dir='ltr'><em>tactus</em></span> <span class='ocrx_word' id='word_1_342' title='bbox 1784 2640 2096 2714; x_wconf 87' lang='lat' dir='ltr'><em>gauderent,</em></span> <span class='ocrx_word' id='word_1_343' title='bbox 2133 2639 2194 2692; x_wconf 70' lang='lat'><em>&amp;³</em></span> <span class='ocrx_word' id='word_1_344' title='bbox 2225 2637 2396 2693; x_wconf 88' lang='lat' dir='ltr'><em>adhuc</em></span> <span class='ocrx_word' id='word_1_345' title='bbox 2435 2642 2534 2693; x_wconf 87' lang='lat' dir='ltr'><em>mi-</em></span> 
     </span>
     <span class='ocr_line' id='line_1_35' title="bbox 556 2710 2533 2786; baseline 0.002 -26"><span class='ocrx_word' id='word_1_346' title='bbox 556 2725 645 2760; x_wconf 89' lang='lat' dir='ltr'><em>nus</em></span> <span class='ocrx_word' id='word_1_347' title='bbox 671 2710 808 2782; x_wconf 82' lang='lat' dir='ltr'><em>quod</em></span> <span class='ocrx_word' id='word_1_348' title='bbox 830 2712 949 2767; x_wconf 73' lang='lat' dir='ltr'><em>,illis</em></span> <span class='ocrx_word' id='word_1_349' title='bbox 969 2715 1262 2786; x_wconf 69' lang='lat' dir='ltr'><em>respiratio,</em></span> <span class='ocrx_word' id='word_1_350' title='bbox 1304 2714 1369 2776; x_wconf 51' lang='grc' dir='ltr'><em>ὠ)</em></span> <span class='ocrx_word' id='word_1_351' title='bbox 1395 2716 1515 2769; x_wconf 89' lang='lat' dir='ltr'><em>inde</em></span> <span class='ocrx_word' id='word_1_352' title='bbox 1561 2715 1673 2769; x_wconf 85' lang='lat' dir='ltr'><em>illis</em></span> <span class='ocrx_word' id='word_1_353' title='bbox 1718 2718 1843 2768; x_wconf 83' lang='lat' dir='ltr'><em>vita</em></span> <span class='ocrx_word' id='word_1_354' title='bbox 1867 2713 2011 2785; x_wconf 81' lang='lat' dir='ltr'><em>ficut</em></span> <span class='ocrx_word' id='word_1_355' title='bbox 2042 2711 2241 2766; x_wconf 84' lang='lat' dir='ltr'><em>homini</em></span> <span class='ocrx_word' id='word_1_356' title='bbox 2268 2711 2378 2784; x_wconf 77' lang='lat' dir='ltr'><em>fid</em></span> <span class='ocrx_word' id='word_1_357' title='bbox 2392 2714 2533 2765; x_wconf 87' lang='lat' dir='ltr'><em>inte-</em></span> 
     </span>
     <span class='ocr_line' id='line_1_36' title="bbox 554 2782 2531 2860; baseline -0.003 -16"><span class='ocrx_word' id='word_1_358' title='bbox 554 2782 677 2843; x_wconf 60' lang='lat'><em>2&#39;2‘07,</em></span> <span class='ocrx_word' id='word_1_359' title='bbox 714 2784 885 2855; x_wconf 76' lang='lat' dir='ltr'><em>qualis</em></span> <span class='ocrx_word' id='word_1_360' title='bbox 914 2785 990 2855; x_wconf 85' lang='lat' dir='ltr'><em>est</em></span> <span class='ocrx_word' id='word_1_361' title='bbox 1017 2789 1142 2842; x_wconf 85' lang='lat' dir='ltr'><em>vita</em></span> <span class='ocrx_word' id='word_1_362' title='bbox 1169 2788 1399 2859; x_wconf 83' lang='lat' dir='ltr'><em>spiritus</em></span> <span class='ocrx_word' id='word_1_363' title='bbox 1442 2787 1720 2860; x_wconf 60' lang='lat' dir='ltr'><em>respective</em></span> <span class='ocrx_word' id='word_1_364' title='bbox 1753 2786 1828 2847; x_wconf 90' lang='lat' dir='ltr'><em>ad</em></span> <span class='ocrx_word' id='word_1_365' title='bbox 1857 2787 2099 2848; x_wconf 86' lang='lat' dir='ltr'><em>hominis,</em></span> <span class='ocrx_word' id='word_1_366' title='bbox 2136 2783 2251 2837; x_wconf 90' lang='lat' dir='ltr'><em>ideo</em></span> <span class='ocrx_word' id='word_1_367' title='bbox 2275 2784 2401 2836; x_wconf 89' lang='lat' dir='ltr'><em>licet</em></span> <span class='ocrx_word' id='word_1_368' title='bbox 2434 2783 2531 2838; x_wconf 89' lang='lat' dir='ltr'><em>ad-</em></span> 
     </span>
     <span class='ocr_line' id='line_1_37' title="bbox 553 2850 2530 2934; baseline 0 -23"><span class='ocrx_word' id='word_1_369' title='bbox 553 2850 657 2906; x_wconf 83' lang='lat' dir='ltr'><em>huc</em></span> <span class='ocrx_word' id='word_1_370' title='bbox 692 2861 1034 2926; x_wconf 75' lang='lat' dir='ltr'><em>experientias</em></span> <span class='ocrx_word' id='word_1_371' title='bbox 1054 2859 1346 2921; x_wconf 57' lang='lat' dir='ltr'><em>addam-e,-</em></span> <span class='ocrx_word' id='word_1_372' title='bbox 1383 2860 1638 2934; x_wconf 86' lang='lat' dir='ltr'><em>quondam</em></span> <span class='ocrx_word' id='word_1_373' title='bbox 1654 2857 2038 2932; x_wconf 73' lang='lat' dir='ltr'><em>praedicebatur</em></span> <span class='ocrx_word' id='word_1_374' title='bbox 2060 2854 2209 2919; x_wconf 86' lang='lat' dir='ltr'><em>mihi,</em></span> <span class='ocrx_word' id='word_1_375' title='bbox 2248 2866 2530 2928; x_wconf 86' lang='lat' dir='ltr'><em>antequam</em></span> 
     </span>
     <span class='ocr_line' id='line_1_38' title="bbox 554 2922 2528 3007; baseline 0.004 -31"><span class='ocrx_word' id='word_1_376' title='bbox 554 2922 834 2980; x_wconf 85' lang='lat' dir='ltr'><em>dormitum</em></span> <span class='ocrx_word' id='word_1_377' title='bbox 870 2932 1012 2996; x_wconf 83' lang='lat' dir='ltr'><em>irem,</em></span> <span class='ocrx_word' id='word_1_378' title='bbox 1043 2931 1191 3007; x_wconf 68' lang='lat' dir='ltr'><em>,quod</em></span> <span class='ocrx_word' id='word_1_379' title='bbox 1230 2930 1398 3002; x_wconf 75' lang='lat' dir='ltr'><em>eſjent</em></span> <span class='ocrx_word' id='word_1_380' title='bbox 1439 2932 1618 3004; x_wconf 88' lang='lat' dir='ltr'><em>plures</em></span> <span class='ocrx_word' id='word_1_381' title='bbox 1662 2934 1753 3005; x_wconf 89' lang='lat' dir='ltr'><em>qui</em></span> <span class='ocrx_word' id='word_1_382' title='bbox 1804 2940 1985 2983; x_wconf 88' lang='lat' dir='ltr'><em>contra</em></span> <span class='ocrx_word' id='word_1_383' title='bbox 2041 2945 2121 2981; x_wconf 89' lang='lat' dir='ltr'><em>me</em></span> <span class='ocrx_word' id='word_1_384' title='bbox 2159 2928 2528 3000; x_wconf 78' lang='lat' dir='ltr'><em>conspirarent,</em></span> 
     </span>
     <span class='ocr_line' id='line_1_39' title="bbox 554 2998 2530 3081; baseline 0.003 -31"><span class='ocrx_word' id='word_1_385' title='bbox 554 2998 731 3050; x_wconf 88' lang='lat' dir='ltr'><em>animo</em></span> <span class='ocrx_word' id='word_1_386' title='bbox 757 3017 833 3053; x_wconf 92' lang='lat' dir='ltr'><em>me</em></span> <span class='ocrx_word' id='word_1_387' title='bbox 857 3004 1188 3060; x_wconf 82' lang='lat' dir='ltr'><em>interimendi</em></span> <span class='ocrx_word' id='word_1_388' title='bbox 1195 2999 1299 3081; x_wconf 75' lang='lat' dir='ltr'><em>per</em></span> <span class='ocrx_word' id='word_1_389' title='bbox 1310 3004 1728 3078; x_wconf 70' lang='lat' dir='ltr'><em>fiiffocationem,</em></span> <span class='ocrx_word' id='word_1_390' title='bbox 1751 3001 1858 3074; x_wconf 79' lang='lat' dir='ltr'><em>fi&#39;d</em></span> <span class='ocrx_word' id='word_1_391' title='bbox 1876 3001 2018 3056; x_wconf 84' lang='lat' dir='ltr'><em>nihil</em></span> <span class='ocrx_word' id='word_1_392' title='bbox 2054 2999 2129 3054; x_wconf 91' lang='lat' dir='ltr'><em>ad</em></span> <span class='ocrx_word' id='word_1_393' title='bbox 2149 3018 2318 3055; x_wconf 91' lang='lat' dir='ltr'><em>eorum</em></span> <span class='ocrx_word' id='word_1_394' title='bbox 2357 3004 2530 3056; x_wconf 88' lang='lat' dir='ltr'><em>minas</em></span> 
     </span>
     <span class='ocr_line' id='line_1_40' title="bbox 546 3070 2530 3202; baseline 0.002 -78"><span class='ocrx_word' id='word_1_395' title='bbox 546 3070 781 3140; x_wconf 81' lang='lat' dir='ltr'><em>attendi,</em></span> <span class='ocrx_word' id='word_1_396' title='bbox 810 3077 940 3147; x_wconf 67' lang='lat' dir='ltr'><em>‘quia</em></span> <span class='ocrx_word' id='word_1_397' title='bbox 966 3086 1115 3134; x_wconf 79' lang='lat' dir='ltr'><em>tutus</em></span> <span class='ocrx_word' id='word_1_398' title='bbox 1147 3095 1188 3134; x_wconf 87' lang='lat' dir='ltr'><em>a</em></span> <span class='ocrx_word' id='word_1_399' title='bbox 1201 3077 1468 3144; x_wconf 60' lang='lat' dir='ltr'><em>“Domino,</em></span> <span class='ocrx_word' id='word_1_400' title='bbox 1507 3094 1665 3154; x_wconf 84' lang='lat' dir='ltr'><em>quare</em></span> <span class='ocrx_word' id='word_1_401' title='bbox 1677 3076 1866 3152; x_wconf 79' lang='lat' dir='ltr'><em>secure</em></span> <span class='ocrx_word' id='word_1_402' title='bbox 1906 3072 2270 3131; x_wconf 85' lang='lat' dir='ltr'><em>indormiebam</em></span> <span class='ocrx_word' id='word_1_403' title='bbox 2283 3097 2305 3136; x_wconf 84' lang='lat'><em>,-</em></span> <span class='ocrx_word' id='word_1_404' title='bbox 2344 3091 2530 3202; x_wconf 56' lang='grc' dir='ltr'><em>νενιὲἕι</em></span> 
     </span>
     <span class='ocr_line' id='line_1_41' title="bbox 547 3163 2530 3218; baseline 0.001 -1"><span class='ocrx_word' id='word_1_405' title='bbox 547 3179 550 3183; x_wconf 64' lang='grc'><strong>“</strong></span> <span class='ocrx_word' id='word_1_406' title='bbox 923 3163 954 3217; x_wconf 90' lang='lat'><em>5</em></span> <span class='ocrx_word' id='word_1_407' title='bbox 2382 3164 2447 3204; x_wconf 76' lang='lat'><em>⁷²0</em></span> <span class='ocrx_word' id='word_1_408' title='bbox 2497 3165 2530 3218; x_wconf 57' lang='lat' dir='ltr'><em>f.</em></span> 
     </span>
    </p>
   </div>
  </div>
 </body>
</html>
