2872 3730
505 233 588 292 14
956 209 1977 280 -GENE.SIS.

567 352 711 403 2772.
747 337 899 394 Dixit,
935 339 1087 402 accipe
1127 336 1280 401 quaeso
1320 336 1469 383 filium
1509 348 1662 396 tuum,
1697 338 1826 401 quod
1866 338 2087 402 fignificet
2109 337 2345 391 Rationale
2364 345 2498 393 Div-i-

498 420 613 452 num
635 403 692 452 ab
714 403 817 468 Ipso
839 405 1065 468 genitum,
1102 403 1274 452 constat
1297 419 1322 451 a
1345 402 1668 466 significatione
1705 405 1788 452 filii
1810 405 1938 469 quod
1963 406 2016 453 s1t
2037 408 2287 467 Rationale,
2330 410 2388 459 de
2410 428 2500 476 qua

498 488 560 520 n:
590 472 735 535 2623,
770 472 844 518 hic
869 472 1105 519 Rationale
1134 472 1381 526 Divinum,
1417 471 1523 534 quia
1545 487 1625 535 per
1647 471 1796 520 filium
1835 471 2104 536 intelligitur
2127 474 2382 536 jischakuS,
2417 481 2498 542 qui

496 538 627 602 quod
651 537 888 586 Rationale
911 539 1138 587 Divinum
1176 537 1368 584 Domini
1407 537 1710 600 repraesentet,
1747 555 1808 587 n:
1841 543 1979 603 1893.
2008 540 2150 589 2066.
2179 547 2321 608 2083.
2348 547 2494 610 2630,

496 603 723 653 ostensum
747 603 839 653 est:
877 606 927 652 &
947 606 1056 668 quia
1078 604 1306 651 Dominus
1331 604 1567 651 Rationale
1601 604 1732 652 suum
1761 621 1819 652 ex
1838 608 2022 670 propria
2045 609 2244 670 potentia
2269 612 2494 660 Divinum

496 668 620 729 fecit,
656 685 709 719 ut
746 671 905 735 saepius
941 674 1066 735 prius
1107 670 1301 727 dictum,
1337 686 1419 734 per
1443 669 1590 718 filium
1614 683 1768 729 tuum,
1802 674 1939 720 etiam
1964 673 2256 737 significatur,
2290 678 2419 741 quod
2440 679 2497 732 ab

495 735 600 802 Ipso
629 739 837 802 genitum
872 737 941 794 fit,
977 738 1185 785 videatur
1209 754 1270 785 n:
1305 741 1442 802 189‘3.
1472 754 1614 802 2093.
1642 739 1783 801 2625.

568 821 661 870 277
667 824 709 869 3.
746 805 955 853 Unicum
979 817 1131 862 tuum,
1167 820 1304 868 quem
1330 820 1469 861 amaS‚
1504 804 1632 868 quod
1656 804 1878 868 significet
1901 804 2048 854 solum
2072 808 2119 854 in
2142 808 2365 867 universo,
2401 827 2496 875 quo

494 869 741 919 salvaturus
781 887 923 935 genus
965 871 1238 928 humanum,
1275 870 1447 919 constat
1478 887 1535 918 ex
1574 872 1898 936 significatione
1928 873 2069 931 unici,
2103 874 2232 938 quod
2268 875 2321 922 s1t
2358 875 2493 935 solus,

495 938 546 985 δε
570 939 758 1002 quidem
783 940 830 985 in
853 937 1078 996 universo,
1113 940 1220 1002 quia
1243 940 1393 1001 agitur
1423 938 1479 986 de
1506 939 1729 996 Domino,
1766 941 1848 1003 qui
1879 938 1997 992 solus
2034 941 2187 1004 quoad
2224 957 2361 990 omne
2385 945 2495 992 Hu-

493 1019 685 1052 manum
710 1006 851 1062 Deus,
887 1005 960 1052 seu
986 1006 1180 1052 Divinus
1204 1002 1364 1053 factus.

563 1088 706 1136 2774.
744 1071 1030 1133 Jischakum,
1066 1072 1195 1136 quod
1219 1071 1441 1135 fignificet
1462 1072 1596 1136 quale
1633 1070 1745 1137 ejus,
1781 1089 1947 1137 nempe
1969 1073 2096 1137 quod
2121 1073 2175 1121 sit
2196 1073 2372 1123 bonum
2396 1078 2492 1125 veri

491 1137 543 1185 &
582 1154 743 1186 verum
784 1138 908 1195 boni,
946 1138 1032 1186 hoc
1071 1138 1150 1195 est,
1187 1136 1474 1201 Conjugium
1515 1140 1743 1187 Divinum
1782 1140 1935 1203 quoad
1974 1141 2254 1188 Humanum
2280 1144 2490 1200 Domini,

489 1203 662 1252 constat
683 1221 739 1253 ex
763 1205 1127 1252 denominatione
1151 1203 1367 1267 Jffchaki,
1404 1206 1460 1252 de
1483 1221 1574 1268 qua
1594 1206 1723 1269 Cap:
1749 1222 1872 1270 praec
1893 1224 1903 1253 :
1931 1221 2023 1251 xxi
2045 1224 2057 1253 :
2083 1203 2224 1254 Vers.
2250 1209 2296 1255 6.
2325 1225 2367 1272 7.

560 1287 703 1336 2775.
741 1272 806 1319 Et
827 1271 943 1319 vade
975 1271 1058 1319 tibi
1095 1272 1151 1319 ad
1186 1284 1349 1319 terr-am
1376 1271 1577 1329 Moriah‚
1615 1273 1742 1335 quod
1782 1272 2005 1336 significet
2040 1272 2196 1320 locum
2236 1274 2286 1322 ὅτ
2323 1275 2489 1324 statum

488 1340 762 1394 tentationis,
798 1338 995 1385 constare
1031 1338 1176 1402 potest
1215 1355 1241 1385 a
1272 1338 1597 1401 fignificatione
1636 1351 1766 1386 terrae
1790 1338 1992 1395 Moriae3
2016 1340 2155 1402 ‘quod
2179 1352 2294 1388 terra
2315 1342 2487 1390 Moriae

486 1402 540 1448 fit
565 1403 690 1450 locus
715 1406 989 1460 tentationis,
1026 1417 1147 1468 patet
1184 1420 1240 1451 ex
1278 1421 1349 1461 eo,
1386 1405 1513 1468 quod
1551 1404 1782 1452 Abraham
1823 1403 1971 1469 justus
2011 1405 2063 1452 sit
2099 1405 2208 1453 illuc
2253 1407 2333 1464 ire,
2369 1409 2489 1457 &in

486 1469 796 1518 holocaustum
823 1470 884 1517 ibi
907 1470 1068 1518 offerre
1093 1471 1242 1517 filium
1267 1470 1415 1527 suum,
1453 1473 1502 1518 ὅτ
1527 1471 1586 1518 fic
1617 1471 1761 1519 subire
1785 1472 2002 1519 ultimum
2035 1474 2323 1522 tentationis:
2360 1476 2489 1538 quod

485 1536 531 1581 in
553 1549 672 1583 terra
695 1537 769 1584 illa
790 1535 924 1583 fuerit
948 1536 1286 1600 Hierosolyma,
1322 1536 1401 1583 ubi
1435 1536 1525 1600 ipse
1548 1534 1779 1585 Dominus
1815 1538 2034 1584 ultimum
2065 1541 2327 1587 ‚tentationis
2361 1541 2487 1589 susti-

483 1604 600 1659 nuit,
638 1603 837 1651 constare
874 1604 1020 1666 potest
1056 1620 1112 1651 ex
1151 1620 1222 1661 eo,
1256 1603 1384 1666 quod
1419 1604 1465 1650 in
1504 1616 1660 1651 monte
1686 1605 1857 1651 Moriae
1880 1603 1934 1650 s1t
1955 1603 2235 1651 aedificatum
2259 1622 2284 1653 a
2308 1607 2487 1656 Davide

484 1669 658 1726 Altare,
713 1671 762 1716 δε
802 1670 952 1733 postea
998 1685 1022 1716 a
1059 1670 1300 1717 Salomone
1336 1669 1612 1734 Templum,
1664 1683 1716 1717 ut
1763 1682 1887 1734 patet
1932 1686 1989 1717 ex
2036 1670 2183 1719 Libro
2230 1671 2483 1722 Chronico-

481 1750 604 1792 rum,
657 1742 691 1764 “
717 1737 870 1799 Caepit
907 1735 1178 1784 Schelomah
1218 1736 1441 1784 aedificare
1489 1737 1685 1784 domum
1727 1737 1919 1799 jehovae
1969 1738 2015 1783 in
2057 1737 2398 1802 Hierosolyma,
2435 1742 2482 1789 in

482 1806 638 1850 Monte
660 1806 839 1859 Moriae,
874 1804 955 1866 qui
979 1803 1098 1851 visus
1120 1802 1208 1850 fuit
1230 1802 1403 1850 Davidi
1427 1804 1545 1867 patri
1573 1801 1686 1867 ejus,
1722 1820 1862 1868 quern
1903 1805 2077 1868 paravit
2117 1806 2161 1851 in
2202 1805 2305 1853 loco
2327 1807 2482 1854 David

477 1869 526 1914 in
566 1885 665 1916 area
702 1870 901 1916 Arnanis
943 1869 1208 1930 (Arafnaez)
1247 1868 1515 1931 Jebusitae,'’
1553 1888 1578 1920 2
1606 1870 1793 1919 Chron:
1822 1886 1915 1918 111:
1950 1888 1987 1919 1.
2040 1870 2194 1918 confer
2239 1885 2259 1916 1
2289 1872 2478 1923 Chron:

479 1950 592 1983 xx1:
643 1937 700 1985 16
740 1937 797 1983 ad
840 1941 919 1993 28,
970 1954 1080 1985 curn
1107 1955 1131 1986 2
1159 1937 1299 1985 Sam:
1325 1953 1479 1984 xx1v:
1511 1938 1569 1986 16
1593 1937 1649 1984 ad
1677 1955 1768 2001 25:
1806 1937 1911 1985 inde
1949 1936 2046 1984 satis
2082 1937 2280 1986 constare
2317 1939 2479 2002 potest,

477 2002 602 2063 quod
645 2002 760 2060 haec,
795 2019 901 2067 quae
941 2003 997 2050 de
1037 2004 1349 2051 immolatione
1374 2003 1574 2063 Jischaki
1606 2005 1838 2061 dicuntur,
1873 2003 1958 2051 sint
1999 2004 2357 2068 repraesentativa
2378 2007 2479 2054 Do·

478 2069 623 2124 mini3
658 2069 858 2133 alioquin
890 2072 1099 2133 potuiffet
1123 2071 1211 2118 hoc
1244 2070 1338 2117 fieri
1368 2069 1447 2118 ubi
1470 2071 1701 2120 Abraham
1736 2071 2013 2126 morabatur,
2050 2086 2131 2118 nec
2159 2069 2396 2135 juberetur
2433 2090 2478 2121 a·

473 2132 613 2182 binde
636 2136 1038 2199 proficisciitinere
1062 2152 1193 2201 paene
1216 2139 1356 2184 trium
1383 2137 1575 2184 dierum.
1746 2168 1749 2178 ι
2415 2146 2417 2149 ’

545 2203 686 2266 2776.
725 2203 871 2263 Quod
909 2203 1024 2251 offer
1055 2220 1161 2251 eum
1196 2206 1243 2251 in
1276 2203 1607 2259 holocaustum,
1656 2203 1878 2267 significet
1912 2202 2041 2267 quod
2077 2202 2368 2252 sanctificaret
2407 2206 2477 2269 ip-

475 2264 576 2314 sum
599 2270 790 2327 Divino,
827 2269 998 2317 constat
1024 2287 1049 2317 a
1071 2269 1457 2334 repraesentatione
1478 2270 1723 2318 holocausti
1746 2270 1867 2334 apud
1909 2283 2095 2333 gentem
2121 2270 2389 2327 Hebraeam,
2426 2273 2476 2319 δε

474 2334 522 2380 in
559 2335 759 2383 Ecclefia
794 2336 1000 2397 Judaica,
1053 2337 1181 2401 quod
1223 2335 1359 2384 fuerit
1404 2333 1726 2384 sanctissimum
1765 2353 1926 2384 eorum
1967 2337 2149 2391 cultus·,
2186 2350 2310 2383 erant
2340 2337 2473 2385 holo-

475 2400 623 2447 causta
646 2402 694 2448 &
718 2415 843 2448 erant
867 2402 1092 2460 sacrificia,
1127 2420 1233 2466 quae
1270 2404 1386 2466 quid
1432 2402 1873 2467 repraesentaverunt‚
1909 2403 2114 2455 videatur
2137 2418 2196 2449 n:
2223 2420 2332 2466 922.
2361 2421 2420 2469 92
2429 2422 2472 2470 3.

479 2470 615 2530 1823.
644 2472 804 2524 2180,
840 2467 1207 2516 sanctificationes
1239 2485 1399 2516 eorum
1430 2468 1598 2515 fiebant
1630 2485 1710 2531 per
1742 2468 1833 2524 illa,
1869 2469 1974 2513 inde
1998 2467 2077 2522 est,
2112 2469 2239 2529 quod
2279 2468 2353 2515 hic
2392 2486 2474 2533 per

471 2532 632 2579 offerre
673 2535 719 2579 in
758 2534 1088 2591 holocaustum,
1122 2535 1401 2597 fignificetur
1432 2534 1692 2581 sanctificari
1717 2535 1908 2588 Divino,
1944 2534 2176 2579 Dominus
2204 2528 2335 2581 ‘enirn
2374 2535 2471 2598 Ipse

468 2597 527 2643 Se
551 2597 842 2646 sanctificavit
863 2601 1054 2656 Divino,
1090 2600 1177 2646 hoc
1217 2600 1298 2656 est,
1334 2600 1483 2646 univit
1522 2600 1797 2646 Humanum
1836 2599 2012 2646 Divino
2053 2615 2133 2662 per
2166 2601 2469 2649 'tentationum

468 2679 646 2727 pugnas
684 2666 733 2711 ὅτ
770 2666 994 2720 victorias,
1045 2667 1252 2713 videatur
1285 2683 1343 2713 n:
1392 2666 1529 2729 1663.
1563 2668 1699 2730 1690.
1733 2667 1849 2730 1691
1897 2664 1946 2712 f:
1977 2666 2113 2730 1692.
2157 2682 2294 2731 1737.
2328 2674 2467 2733 1787.

475 2735 612 2779 1812.
641 2735 777 2795 1813.
804 2737 941 2782 1820.
992 2733 1268 2779 Communis
1293 2732 1405 2779 fides
1430 2732 1563 2779 hodie
1599 2732 1678 2788 est,
1714 2732 1839 2795 quod
1866 2731 2147 2780 Holocausta
2167 2734 2217 2779 δε
2242 2734 2470 2782 Sacrificia

467 2795 815 2860 significaverint
853 2799 1102 2846 Passionem
1141 2800 1351 2856 Domini,
1398 2801 1446 2847 &
1487 2799 1615 2862 quod
1653 2798 1883 2846 Dominus
1927 2814 2007 2861 per
2054 2799 2176 2845 illam
2222 2802 2468 2863 expiaverit

466 2864 675 2910 omnium
710 2866 982 2928 iniquitates,
1019 2867 1116 2912 imo
1152 2866 1278 2929 quod
1318 2867 1365 2912 in
1387 2867 1443 2913 Se
1481 2865 1576 2912 illas
1600 2866 1869 2912 'derivaverit
1893 2867 1940 2912 &
1966 2865 2025 2912 fic
2049 2864 2304 2920 sustulerit3
2341 2868 2402 2913 ita
2424 2867 2467 2914 se
2534 2888 2538 2890 “

455 2926 691 2991 justificari
715 2931 764 2978 δε
791 2930 944 2978 salvari
978 2931 1227 2988 credentes,
1266 2932 1408 2980 modo
1431 2933 1651 2995 cogitent,
1689 2932 1720 2978 fi
1757 2932 1828 2978 vel
1868 2930 1985 2978 foret
2021 2933 2066 2977 in
2107 2931 2269 2978 ultima
2304 2934 2463 2980 mortis

462 2995 587 3051 hora,
623 2997 749 3059 quod
773 2999 1005 3044 Dominus
1028 3014 1112 3061 pro
1134 2998 1220 3045 illis
1243 2998 1387 3061 passus
1418 2998 1488 3055 fit,
1527 3011 1758 3061 utcunque
1783 3014 1863 3060 per
1886 3010 2039 3044 totum
2062 2999 2172 3044 vitae
2208 2996 2298 3043 suae
2320 3000 2461 3045 curri-
2481 3000 2487 3011 ²

459 3061 617 3108 culum
645 3063 875 3119 vixerint,
912 3063 985 3110 sed
1027 3080 1094 3111 res
1137 3081 1228 3113 non
1270 3066 1330 3111 ita
1365 3064 1407 3112 se
1445 3064 1596 3121 habet,
1631 3066 1775 3112 Passio
1798 3065 1942 3111 crucis
1966 3061 2054 3109 fuit
2077 3064 2294 3109 ultimum
2320 3076 2461 3112 tenta·

457 3129 590 3175 tionis
631 3128 845 3186 Domini,
881 3143 961 3193 per
1002 3146 1140 3193 quam
1182 3131 1378 3195 plenarie
1414 3131 1564 3178 univit
1604 3131 1883 3180 Humanum
1919 3130 2111 3186 Divino,
2147 3130 2457 3243 &givinum

1738 3209 1741 3213 ·
2247 3212 2455 3255 ⁴umano,
