2872 3730
556 269 690 332 204
1056 253 1117 318 G
1212 254 1272 319 E
1364 255 1450 320 N
1536 253 1598 320 E
1693 251 1761 318 3-
1822 207 1881 318 1,1
1968 251 2037 318 S.

553 375 692 436 illam,
739 377 958 443 fignificat
1001 378 1390 444 conjunstionem:
1437 380 1487 428 δε
1527 374 1775 428 consolatus
1813 379 1877 427 est
1909 378 2153 443 jischakus
2190 381 2318 445 post⁴
2337 394 2525 434 mat-rem

552 445 693 503 suam,
728 445 946 508 fignificat
971 445 1133 494 statum
1165 461 1354 494 novum.
2340 492 2347 496 .

621 529 762 576 3209.
799 512 1015 559 Narrabat
1051 511 1201 558 servus
1224 509 1439 573 Jischako
1475 512 1630 561 omnia
1665 511 1803 560 verba
1837 527 1943 575 quae
1978 510 2099 571 fecit,
2143 515 2270 577 quod
2307 515 2530 579 figniflcet

551 580 887 642 perceptionem
912 594 968 625 ex
992 579 1163 625 Divino
1184 578 1374 626 naturali
1403 579 1642 644 quomodo
1665 577 1706 625 se
1729 594 1796 626 res
1829 578 2020 636 haberet,
2057 579 2228 628 constat
2261 597 2286 628 a
2309 583 2528 645 significae

551 646 672 693 tione
706 660 894 700 narrare,
930 644 1054 706 quod
1079 644 1132 691 fit
1156 646 1415 707 percipere,
1451 646 1681 707 perceptio
1704 645 1825 691 enim
1855 644 1918 691 est
1946 646 2068 707 quali
2107 648 2297 696 narratio
2339 650 2527 709 interna,

550 727 640 774 qua
679 724 862 773 propter
899 711 1123 773 percipere
1161 712 1207 756 in
1243 708 1458 756 historicis
1476 710 1613 757 Verbi
1638 711 1904 775 exprimitur
1936 727 2015 774 per
2048 727 2236 769 narrare,
2272 714 2321 760 &
2343 731 2529 779 quoque

551 793 632 839 per
671 778 832 832 dicere,
868 793 923 824 n:
956 780 1255 840 1791.1815.
1281 780 1417 841 1819.
1452 780 1588 825 1822.
1615 779 1752 839 1398.
1780 793 1916 841 1919.
1944 781 2085 827 2080.
2111 779 2252 843 2619.
2280 782 2437 837 2862,
2470 798 2528 830 ex

549 842 873 905 significatione
913 841 1023 888 servi
1062 842 1149 898 hic,
1186 842 1309 905 quod
1334 842 1386 888 sit
1408 842 1631 894 Divinum
1663 842 1876 898 naturale,
1911 842 1967 889 de
2003 858 2095 906 qua
2132 843 2360 907 sequitur,
2398 848 2446 894 &
2469 864 2527 895 ex

553 908 872 971 fignificatione
911 908 1188 964 verborum,
1208 907 1333 971 quod
1366 907 1469 955 sint
1491 923 1575 964 res,
1610 908 1666 954 de
1704 922 1792 970 qua
1831 923 1888 954 n:
1920 912 2078 971 1785·,
2112 925 2170 956 ex
2191 911 2355 972 quibus
2387 926 2525 975 patet,

551 975 677 1036 quod
702 973 901 1021 narrabat
923 972 1072 1020 servus
1095 975 1250 1020 omnia
1268 974 1404 1020 verba
1425 989 1531 1037 quae
1551 972 1675 1031 fecit,
1698 972 1918 1036 significet
1941 974 2066 1036 quod
2090 975 2318 1023 Divinum
2341 979 2522 1027 Bonum

550 1040 784 1086 Rationale
807 1041 1053 1103 perceperit
1075 1056 1099 1086 a
1120 1040 1294 1085 Divino
1314 1040 1540 1095 Naturali,
1574 1039 1811 1102 quomodo
1843 1039 1884 1085 se
1915 1053 1986 1087 res·
2021 1039 2214 1089 haberet.
2284 1044 2377 1090 Res
2400 1044 2461 1091 ita
2484 1046 2525 1093 se

550 1106 694 1162 habet,
732 1105 964 1151 Rationale
987 1104 1050 1151 est
1073 1106 1118 1150 in
1142 1104 1288 1166 gradu
1312 1103 1441 1166 supra
1461 1105 1673 1160 naturale,
1708 1119 1759 1151 ac
1782 1106 2015 1153 Rationale
2037 1107 2219 1155 Bonum
2252 1108 2299 1155 in
2320 1110 2527 1159 Domino

551 1170 636 1218 fuit
657 1171 899 1226 Divinum,
932 1170 1107 1217 Verum
1131 1181 1302 1225 autern,
1335 1170 1462 1232 quod
1500 1169 1746 1217 elevaretur
1767 1185 1792 1215 e
1815 1171 2020 1226 naturali,
2054 1187 2146 1219 non
2170 1171 2257 1220 fuit
2277 1174 2526 1234 Divinum,

549 1237 807 1299 priusquam
841 1233 1135 1299 conjunctum
1157 1235 1332 1282 Divino
1355 1237 1487 1282 Bono
1508 1233 1756 1282 Rationalis
1777 1256 1792 1289 ·,
1827 1246 1880 1281 ut
1901 1236 2051 1298 itaque
2074 1237 2255 1285 Bonum
2278 1239 2525 1290 Rationalis

550 1304 753 1353 influeret
776 1304 821 1349 in
852 1302 1062 1359 naturale,
1098 1301 1181 1349 erit
1204 1301 1427 1358 medium,
1463 1300 1667 1349 medium
1691 1316 1785 1348 non
1806 1299 1927 1348 aliud
1951 1301 2033 1348 esse
2056 1303 2207 1364 potuit
2229 1318 2368 1367 quam
2393 1319 2523 1354 natu-

549 1369 637 1415 rale
659 1369 784 1432 quod
810 1369 1092 1431 participaret
1113 1383 1137 1414 a
1158 1368 1363 1423 Divino,
1399 1366 1486 1415 hoc
1508 1365 1843 1431 repraesentatur
1871 1381 1953 1430 per
1987 1365 2164 1416 servum
2196 1368 2413 1418 >seniorem
2439 1374 2522 1420 do·

550 1450 652 1483 mus
675 1434 925 1483 Abrahami
947 1432 1330 1482 administrantem
1352 1433 1506 1481 omnia
1527 1449 1633 1496 quae
1663 1434 1720 1489 ei,
1757 1448 1813 1480 n:
1842 1449 1982 1497 3019.
2011 1450 2156 1497 3020,
2190 1435 2271 1498 qui
2293 1437 2417 1500 quod
2440 1439 2526 1502 fig·

549 1502 700 1548 nificet
720 1502 946 1549 Divinum
971 1499 1185 1556 naturale,
1221 1499 1428 1548 videatur
1451 1515 1510 1547 n:
1539 1517 1680 1564 3191·
1710 1516 1850 1564 3192.
1879 1515 2020 1562 3204.
2047 1501 2188 1564 3206.
2500 1502 2502 1505 ’

618 1584 758 1630 3210.
794 1567 857 1614 Ε1
896 1566 1148 1614 introduxit
1186 1564 1308 1612 illam
1333 1563 1517 1625 Jischak
1555 1567 1602 1611 in
1642 1565 1888 1612 tentorium
1913 1564 2034 1612 Sarae
2064 1567 2216 1616 matris
2247 1567 2354 1624 suae,
2391 1571 2522 1632 quod

547 1632 768 1695 significet
806 1631 1100 1681 sanctuarium
1134 1631 1229 1678 veri
1256 1631 1302 1677 in
1325 1630 1499 1677 Divino
1519 1630 1761 1687 Humano,
1799 1628 1969 1676 constat
2007 1646 2032 1676 a
2068 1630 2391 1694 significatione.
2426 1647 2524 1683 ten-

546 1699 668 1754 torii,
703 1697 825 1761 quod
852 1697 905 1744 sit
930 1697 1146 1752 sanctum,
1183 1695 1239 1742 de
1269 1710 1361 1758 qua
1389 1710 1449 1743 n.:
1468 1711 1580 1756 4³14·
1613 1711 1749 1746 1102.
1787 1710 1933 1755 2145,
1960 1711 2100 1758 2151.
2127 1699 2272 1760 2576,
2308 1701 2368 1747 ita
2400 1699 2522 1763 sanc-

547 1766 776 1818 1112111111),
815 1763 864 1811 &
897 1762 1271 1825 assfignificatione
1293 1761 1414 1808 Sarae
1447 1761 1616 1818 matris,
1652 1760 1778 1823 quod
1810 1760 1864 1807 sit
1885 1760 2062 1808 Verum
2081 1762 2323 1820 Divinum,
2353 1765 2411 1812 de
2432 1782 2522 1830 qua

549 1830 773 1890 11:1468.
824 1845 960 1893 1901.
997 1828 1139 1891 2063.
1175 1827 1321 1889 2065,
1363 1843 1510 1892 2904,
1550 1842 1607 1874 ex
1641 1842 1734 1889 quo
1769 1838 1928 1873 natum
1967 1827 2190 1874 Divinum
2222 1829 2518 1889 Humanum,

547 1893 674 1959 cujus
707 1895 943 1946 Rationale
982 1892 1321 1958 repraesentatur
1347 1909 1428 1956 per
1459 1891 1899 1952 filium-Jischakum
1919 1913 1949 1946 ς,
1976 1891 2082 1939 inde
2117 1904 2254 1956 patet,
2289 1897 2415 1957 quod
2451 1899 2522 1945 in-

545 1961 755 2022 troduxit:
785 1961 906 2010 illam
929 1958 1115 2021 J'ischak
1147 1960 1192 2007 in
1217 1960 1462 2009 tentorium
1497 1959 1652 2005 matris
1685 1957 1792 2014 suae,
1826 1956 2048 2020 fignificet
2083 1959 2210 2021 quod
2232 1959 2414 2010 Bonum
2454 1979 2523 2010 ra·

543 2028 706 2081 tionale
747 2027 985 2077 adduxerit
1017 2026 1211 2081 Verum,
1257 2024 1383 2088 quod
1415 2039 1497 2088 per
1528 2023 1783 2071 Rebeccam
1824 2022 2189 2086 repraesentatur,
2225 2027 2349 2088 apud
2386 2025 2429 2075 se
2470 2031 2517 2076 in

537 2093 837 2145 ‘sanctuarium
862 2094 972 2142 veri,
1042 2091 1510 2153 Qid28an6tuarium
1533 2091 1646 2146 veri,
1671 2087 1868 2138 constare
1891 2089 2036 2152 potest
2057 2090 2113 2136 ab
2135 2091 2239 2147 illis,
2263 2107 2370 2154 quae
2390 2092 2521 2158 supra

527 2152 574 2206 ⁴n
594 2179 605 2207 ι
628 2177 756 2223 3914
783 2159 844 2209 μ(10
866 2159 1039 2208 Divino
1061 2158 1286 2207 Humano
1306 2156 1500 2203 Domini
1534 2155 1654 2203 dista
1690 2155 1808 2211 sunt,
1843 2171 2006 2218 nempe
2044 2156 2169 2218 quod
2190 2156 2410 2219 lpfiffimo
2431 2161 2518 2207 Di·

540 2227 653 2275 vino
690 2225 747 2272 fit
767 2226 948 2273 Bonum
986 2225 1035 2270 &
1058 2222 1267 2278 Verum„
1287 2222 1336 2269 &
1375 2221 1513 2285 quod·
1532 2222 1768 2269 Dominus.>
1800 2221 1952 2283 quoad
1989 2221 2213 2274 Divinum
2238 2223 2520 2272 Humanum

542 2293 733 2338 exiverit
771 2306 827 2340 ex
849 2291 1031 2337 Divino
1046 2289 1177 2339 Bono
1210 2289 1262 2337 &z
1298 2300 1427 2335 natus
1464 2290 1650 2350 (nempe
1682 2287 1830 2350 quoad
1853 2286 2008 2350 Ipsum
2031 2287 2255 2335 Divinum
2276 2291 2312 2347 :)
2351 2307 2409 2338 ex
2430 2292 2526 2338 Dim

538 2359 648 2404 vino
671 2357 808 2412 Vero,
844 2355 915 2406 seu
939 2355 1064 2418 quod
1089 2354 1377 2416 idcm,‚quod
1402 2353 1550 2416 ipsum
1574 2352 1676 2401 Effe
1698 2353 1891 2400 Domini
1913 2350 2048 2400 fuer-it
2070 2354 2296 2406 Divinum
2315 2357 2526 2414 Bonum,

540 2437 593 2472 21,
618 2422 763 2486 ipsum
787 2422 987 2473 Existere
1013 2421 1238 2469 Divinum
1261 2421 1452 2476 Verum,
1490 2420 1652 2466 exinde
1687 2419 1911 2465 Divinum
1943 2420 2124 2466 Bonum
2149 2421 2412 2479 Rationale,
2441 2424 2524 2471 cui¹

540 2490 766 2541 Divinum
791 2489 966 2537 Verum
991 2503 1046 2534 ex
1079 2486 1279 2537 humano
1298 2484 1577 2549 conjunxit,
1606 2485 1663 2535 de
1687 2486 1986 2533 Arcaniffimo
2019 2485 2106 2533 hoc
2140 2502 2232 2537 non
2266 2487 2517 2548 pluradici

539 2555 721 2617 poffunt
739 2576 762 2607 3,
794 2554 936 2600 modo
957 2552 1085 2614 quod
1109 2551 1374 2614 ipfiffimum
1397 2551 1825 2599 Divinum-Bonum
1857 2550 2105 2603 &Verum
2139 2551 2185 2595 in
2205 2551 2380 2598 Divino
2403 2554 2512 2602 Hu-

542 2634 676 2670 mano
698 2619 906 2672 Domini,
955 2618 1029 2663 cui
1067 2614 1364 2677 conjunctum
1389 2615 1562 2662 Verum
1599 2630 1655 2664 ex
1688 2614 1921 2669 human0,.
1940 2612 2010 2669 fit,
2055 2613 2182 2675 quod
2211 2614 2512 2676 significatum

540 2683 603 2730 est
642 2698 720 2745 per
758 2682 1083 2735 Sanctuarium,
1121 2680 1247 2742 quod
1269 2680 1483 2726 5211611111]
1521 2678 1773 2729 sanctorum
1796 2677 1900 2734 fuit,
1941 2679 1987 2725 in
2010 2678 2340 2737 'Faber-uacum,
2381 2683 2431 2730 &
2466 2685 2526 2732 inv

540 2749 776 2813 Temp103
819 2749 868 2793 δι’.
892 2746 1022 2809 quale
1054 2745 1174 2797 illius
1204 2743 1561 2806 repraesentatum
1585 2744 1645 2791 est
1669 2761 1747 2807 per
1769 2744 1845 2790 illa
1875 2759 1981 2806 quae
2012 2744 2140 2799 inibi,
2177 2758 2229 2792 ut
2255 2761 2343 2808 per:
2358 2747 2515 2796 Altare

539 2830 740 2870 aureum,
782 2828 863 2876 per
885 2811 1082 2862 mensam
1107 2810 1182 2861 ubi
1207 2825 1339 2873 panes
1362 2810 1692 2872 propolitionis‚
1728 2825 1807 2872 per
1829 2809 2180 2867 Candelabrum,
2200 2839 2202 2841 >
2219 2813 2406 2860 interius·
2433 2815 2514 2861 ad-

540 2882 629 2928 huc
653 2896 732 2944 per
755 2878 1143 2940 Propitiatoriurn‚
1178 2877 1226 2923 &
1256 2891 1337 2939 per
1370 2880 1576 2931 Arcam,
1606 2892 1655 2922 ac
1690 2877 1850 2923 intime
1882 2891 1960 2937 per
1983 2875 2338 2934 Testimonium,
2384 2881 2526 2942 quod.

539 2958 631 2994 erat
652 2946 754 2993 Lex
777 2961 801 2992 e
825 2945 944 2993 Sinai
965 2942 1269 3007 promulgata,
1304 2940 1406 2988 haec
1434 2954 1526 2991 erat
1557 2940 1704 3004 ipsum
1729 2941 1944 2988 Sanctum
1972 2940 2242 3000 sanctorum,
2282 2944 2355 2990 seu
2379 2939 2515 2994 Sanc-

539 3013 734 3060 tuarium
759 3010 882 3061 Veri.
2490 3029 2500 3038 ,

606 3095 744 3140 321¹·
781 3077 846 3128 Et
879 3075 1053 3139 accepit
1087 3072 1358 3130 Rebeccam,
1401 3072 1452 3120 &
1490 3076 1595 3120 erat‘
1617 3073 1657 3119 ei
1693 3074 1739 3120 in
1779 3071 2032 3129 mulierem,
2077 3073 2125 3120 &
2159 3076 2332 3131 amavit
2369 3075 2511 3138 illam,

537 3140 664 3208 quod
702 3142 920 3207 significet
959 3138 1344 3206 conjunfikionem,
1364 3185 1366 3189 ,
1384 3153 1549 3204 nempe
1572 3138 1678 3190 boni
1711 3139 1761 3192 δε
1784 3140 1896 3197 veri,
1931 3137 2131 3188 constare
2169 3141 2312 3204 potest
2349 3139 2528 3206 absque,

2356 3210 2514 3273 'expli-
