2872 3730
517 235 599 296 68
906 214 1990 298 'GENESIS.

512 356 568 404 ad
592 354 797 419 pe&oris,
835 355 884 404 &
907 355 967 404 fic
998 371 1151 420 porro,
1188 355 1243 403 de
1267 371 1355 419 qua
1376 354 1795 418 Correspondentia,
1830 371 1887 403 ex
1909 356 2078 403 Divina
2098 355 2291 404 Domini
2313 356 2493 406 Miseri·

515 422 682 479 cordia,
722 420 898 470 seorfim
924 422 1097 470 dicetur
1117 444 1130 477 ;
1158 421 1374 470 'similiter
1397 420 1437 469 se
1461 421 1590 468 habet
1619 438 1725 469 cum
1750 421 1947 469 Ecclesia
1968 423 2162 469 Domini
2185 424 2232 469 in
2255 425 2397 481 terriS,
2434 425 2497 472 ibi

517 487 715 536 Ecclesia
753 488 818 536 est
853 488 985 536 instar
1021 488 1184 536 Cordis
1217 489 1266 535 δι
1307 487 1606 545 Pulmonum,
1646 489 1696 535 δε
1735 489 1815 550 qui
1853 501 1978 535 extra
2015 488 2262 536 Ecclesiam
2301 489 2500 539 referunt

515 567 661 618 partes
701 556 918 619 corporis,
954 570 1058 617 quae
1094 571 1119 600 a
1142 554 1292 601 Corde
1332 555 1380 600 &
1418 553 1719 601 Pulmonibus
1754 553 2047 601 sustentantur
2080 555 2128 601 δι
2152 557 2351 611 vivunt;
2393 558 2499 604 inde

516 631 655 684 patet,
691 621 816 684 quod
853 620 1014 684 absque
1036 620 1233 667 Ecclesia
1256 619 1419 666 alicubi
1451 621 1496 666 in
1525 621 1651 666 terris
1690 636 1782 668 non
1806 619 2031 668 subsistere
2063 623 2194 683 possit
2229 638 2372 684 genus
2411 623 2496 671 hu·

518 702 724 744 manum,
759 687 873 734 ficut
912 702 1076 749 corpus
1113 686 1192 732 nisi
1227 685 1288 731 ibi
1311 686 1406 732 Cor
1430 687 1478 732 &
1501 686 1765 742 Pulmones,
1789 686 1994 733 videatur
2018 703 2076 734 n:
2103 687 2215 746 468.
2244 688 2353 752 637.
2380 707 2408 753 9
2416 707 2493 752 3¹·

520 768 683 815 3054·‚
735 769 791 800 ex
825 754 907 800 hac
940 751 1064 799 causa
1101 751 1180 807 est,
1221 752 1348 814 quod
1382 752 1558 814 quoties
1596 752 1744 815 aliqua
1778 752 1974 799 Ecclefia
2006 751 2361 811 consummatur,
2407 755 2495 803 hoc

516 818 596 875 est,
633 818 753 865 nulla
775 819 845 875 fit,
879 820 983 881 quia
1006 817 1128 864 nulla
1161 817 1353 880 amplius
1377 817 1581 873 charitaS,
1617 830 1727 863 tunc
1759 833 1815 863 ex
1838 816 2129 864 Providentia
2151 820 2343 866 Domini
2379 837 2496 869 nova

515 883 688 947 semper
727 884 1043 938 exsuscitetur3
1106 883 1215 930 ficut
1259 898 1367 929 cum
1407 884 1730 946 Antiquissima
1767 883 1963 930 Ecclefia
2000 885 2149 946 periit,
2193 901 2299 947 quae
2337 900 2520 938 vocata,

513 950 698 1007 Homo,
735 963 844 997 tunc
866 951 1005 997 Nova
1043 965 1067 996 a
1089 950 1297 995 Domino
1331 960 1489 1005 creata,
1530 965 1635 1011 quae
1675 949 1792 996 die‘ta
1813 948 2047 1005 Noachus,
2081 952 2131 998 &
2170 948 2258 996 fuit
2287 953 2496 1016 Antiqua

513 1031 620 1078 quae
643 1015 744 1079 post
773 1016 997 1063 diluvium
1017 1037 1031 1071 ς
1072 1016 1122 1062 &
1147 1030 1255 1061 cum
1279 1014 1376 1061 haec
1401 1015 1686 1077 degeneravit
1723 1016 1772 1062 ὅτ
1797 1014 1917 1062 nulla
1939 1013 2067 1071 faeta,
2116 1016 2314 1063 Ecclesia
2348 1033 2495 1081 repre-

511 1081 723 1128 sentativa
745 1082 934 1143 Judaica
967 1083 1013 1127 &
1039 1079 1269 1127 Israelitica
1308 1079 1507 1127 instituta
1539 1080 1636 1135 est·,
1680 1081 1729 1126 ὅτ.
1770 1097 1878 1128 cum
1917 1081 2017 1128 haec
2053 1081 2232 1145 prorsus
2264 1082 2496 1142 exstineia,

511 1158 621 1194 tunc
645 1149 874 1195 Dominus
910 1149 953 1192 in
980 1145 1208 1192 mundum
1233 1146 1374 1199 venit,
1411 1146 1459 1191 &
1495 1160 1661 1191 novam
1697 1145 1985 1200 instauravit;
2024 1147 2075 1193 δε
2100 1148 2187 1194 hoc
2216 1148 2278 1194 ob
2300 1148 2492 1206 causam,

511 1226 563 1259 ut
593 1211 852 1276 conjunetio
885 1212 986 1258 esset
1027 1210 1135 1257 coeli
1175 1225 1283 1257 cum
1322 1209 1524 1256 humano
1563 1225 1724 1272 genere
1762 1227 1844 1272 per
1869 1211 2140 1259 Ecclesiam:
2188 1212 2275 1259 hoc
2311 1229 2496 1277 quoque

510 1278 590 1335 est,
625 1280 751 1342 quod
792 1278 1082 1342 significatur,
1116 1292 1197 1340 per
1229 1276 1355 1340 quod
1392 1275 1714 1323 benedicentur
1749 1276 1795 1322 in
1830 1274 1995 1322 semine
2026 1287 2108 1323 tuo
2149 1291 2306 1324 omnes
2341 1292 2498 1341 gentes

508 1356 652 1392 terrae.

576 1415 718 1472 2854.
754 1411 946 1474 Propter
980 1409 1107 1472 quod
1144 1407 1390 1457 auscultasti
1426 1408 1531 1455 voci
1568 1424 1699 1465 meae,
1734 1407 1861 1472 quod
1896 1407 2119 1471 significet
2158 1424 2238 1472 per
2272 1410 2491 1460 unionem

504 1476 717 1524 Effentiae
741 1478 977 1524 Humanae
999 1477 1193 1523 Domini
1231 1491 1339 1522 cum
1371 1475 1542 1522 Divina
1573 1474 1733 1538 Ipfius,
1770 1473 1968 1525 constare
2005 1473 2152 1538 potest
2190 1474 2245 1522 ab
2283 1477 2496 1526 omnibus

504 1557 611 1605 quae
640 1543 919 1605 praecedunt,
954 1557 1153 1604 quorum
1193 1541 1291 1587 haec
1337 1541 1400 1586 est
1438 1539 1662 1594 clausula;
1699 1539 1942 1587 auscultare
1966 1543 2085 1596 voci,
2121 1540 2186 1587 est
2224 1542 2350 1602 quod
2389 1543 2495 1590 ulti·

504 1623 638 1655 mum
663 1609 918 1656 tentationis
942 1606 1171 1662 subiverit,
1195 1608 1243 1653 δε
1267 1605 1326 1651 fic
1350 1606 1546 1651 univerit
1562 1605 1804 1651 Effentiam
1822 1606 2094 1651 Humanam
2110 1606 2295 1651 Divinae
2316 1627 2331 1660 3
2366 1609 2496 1670 quod

503 1675 736 1731 Dominus
761 1675 1037 1720 Humanum
1063 1674 1236 1719 Divino
1258 1672 1307 1718 ὅτ
1332 1672 1557 1717 Divinum
1572 1670 1798 1717 Humano
1821 1671 2015 1717 univerit
2038 1686 2118 1733 per
2139 1673 2369 1727 continuas
2393 1685 2491 1721 ten-

504 1741 692 1787 tationes
733 1740 780 1787 &
812 1739 1036 1794 vitrorum,
1071 1739 1277 1784 videatur
1299 1753 1360 1784 n:
1393 1752 1531 1801 1737.
1564 1740 1703 1800 1813,
1741 1738 1790 1783 &
1827 1736 1953 1799 quod
1995 1752 2077 1800 per
2114 1732 2236 1784 hanc'
2273 1738 2491 1788 unionem

504 1805 733 1857 salvaverit
755 1821 896 1868 genus
921 1805 1190 1859 humanum,
1227 1820 1283 1852 n:
1309 1803 1430 1866 1676
1455 1801 1486 1848 f.
1515 1818 1651 1867 1990.
1674 1803 1815 1851 2016.
1836 1818 1927 1866 203
1936 1801 1996 1865 52,
2033 1803 2182 1849 omnis
2205 1802 2315 1851 salus
2339 1807 2494 1868 generi

503 1872 703 1920 humano
726 1872 789 1919 est
812 1871 930 1918 inde.
1000 1870 1276 1918 Communis
1308 1869 1463 1932 opinio
1502 1867 1580 1925 est,
1616 1869 1743 1931 quod
1766 1870 1895 1916 Pater
1918 1867 2084 1915 miserit
2106 1869 2295 1926 Filium,
2331 1882 2383 1917 ut
2406 1872 2492 1919 du-

504 1940 668 1985 riffima
703 1937 841 2001 usque
881 1937 939 1984 ad
973 1948 1168 1984 mortem
1199 1937 1343 1983 crucis
1368 1946 1609 1999 pateretur,
1644 1935 1694 1983 ὅτ
1718 1934 1777 1982 fic
1799 1934 1926 1998 quod
1946 1950 2027 1998 per
2050 1935 2335 1982 intuitionem
2360 1937 2406 1984 in
2430 1938 2494 1986 11—

504 2005 588 2051 lius
629 2007 870 2067 paffionem
910 2004 959 2050 &
999 2003 1213 2050 meritum
1255 2003 1429 2065 generis
1474 2001 1660 2047 humani
1701 1999 2008 2056 misereretur3
2045 2000 2119 2047 sed
2153 2000 2340 2065 quisque
2383 2002 2492 2054 scire

505 2070 665 2134 potest,
702 2070 825 2133 quod
851 2068 1056 2130 jehovah
1095 2085 1186 2115 non
1218 2084 1298 2131 per
1332 2067 1616 2114 intuitionem
1641 2067 1835 2130 aliquam
1861 2067 1907 2113 in
1929 2066 2100 2114 Filium
2126 2066 2394 2125 misereatur,
2427 2068 2493 2117 est

503 2137 627 2183 enim
651 2135 740 2200 ipsa
763 2135 1102 2191 Misericordia,
1140 2133 1212 2181 sed
1236 2135 1361 2197 quod
1381 2135 1615 2181 Arcanum
1641 2134 1861 2181 adventus
1884 2133 2076 2179 Domini
2097 2133 2142 2180 in
2167 2134 2393 2181 mundum
2418 2135 2491 2193 fit,

504 2202 630 2266 quod
668 2205 714 2250 in
750 2203 805 2248 Se
842 2201 946 2265 Ipso
986 2203 1129 2248 uniret
1153 2201 1378 2250 Divinum
1403 2200 1630 2246 Humano
1650 2201 1699 2247 &
1722 2200 1998 2246 Humanum
2022 2200 2214 2256 Divino,
2249 2202 2375 2262 quod
2399 2217 2492 2249 non

504 2269 654 2332 potuit
693 2268 804 2325 fieri,
848 2283 987 2331 quarn
1028 2282 1108 2330 per
1146 2268 1401 2330 graviffima
1428 2267 1745 2321 tentationum,
1782 2266 1830 2312 δε
1870 2265 1930 2311 fic
1968 2265 2094 2328 quod
2133 2282 2214 2328 per
2253 2266 2494 2314 Unionem

504 2334 625 2380 illam
654 2333 764 2380 salus
788 2334 929 2396 poffet
952 2336 1203 2395 pertingere
1224 2331 1281 2378 ad
1304 2346 1446 2394 genus
1468 2331 1738 2385 humanum,
1774 2333 1822 2377 in
1850 2346 1945 2393 quo
1978 2346 2070 2377 non
2099 2331 2294 2392 amplius
2317 2332 2491 2394 aliquid

504 2400 679 2446 bonum
713 2398 894 2445 coeleste
933 2400 982 2445 ὅτ
1018 2397 1254 2461 spirituale,
1290 2414 1344 2445 ne
1365 2396 1551 2458 quidem
1579 2395 1790 2451 naturale,
1826 2395 2055 2441 residuum
2078 2407 2203 2451 erat;
2238 2394 2338 2443 haec
2361 2397 2493 2446 Unio
2520 2443 2527 2450 ,

502 2465 565 2512 est
595 2482 700 2528 quae
732 2464 868 2513 salvat
905 2463 1005 2511 illos
1042 2464 1123 2528 qui
1159 2464 1206 2510 in
1238 2462 1461 2510 charitatis
1495 2461 1586 2508 fide
1619 2460 1754 2516 sunt;
1789 2460 1852 2507 est
1884 2459 1982 2524 Ipse
2003 2461 2233 2512 Dominus
2256 2462 2337 2523 qui
2360 2463 2492 2512 mise-

506 2542 641 2579 retur.

496 2618 502 2619 ff
577 2601 719 2657 2855.
754 2593 890 2643 Vers:
923 2613 995 2658 19.
1034 2596 1098 2640 Et
1119 2595 1312 2657 reversus
1332 2593 1385 2652 qst
1403 2593 1629 2639 Abraham
1650 2592 1710 2639 ad
1721 2603 1874 2652 pueros
1885 2591 2002 2653 suos,
2038 2589 2092 2638 &
2104 2582 2399 2652 surrexerunt,
2434 2594 2493 2643 δέ*

510 2665 683 2708 iverunt
688 2660 822 2719 stmul
841 2660 899 2706 ad
912 2659 1193 2721 Beerschebah
1210 2677 1226 2706 :
1263 2659 1317 2706 δέ
1340 2658 1562 2704 habitavit
1583 2657 1804 2704 Abraham
1836 2658 1881 2702 in
1904 2655 2198 2718 Beerschebah.
2269 2658 2492 2707 Reversus

511 2726 575 2773 est
598 2726 830 2773 Abraham
864 2725 917 2771 ad
952 2740 1113 2786 pueros
1139 2724 1265 2779 suos,
1291 2723 1512 2785 significat
1546 2721 1910 2786 conjunftionem
1949 2723 2114 2767 iterum
2153 2738 2260 2768 cum
2294 2721 2494 2773 rationali

513 2793 683 2856 priori:
720 2793 767 2837 &
792 2790 1088 2845 surrexerunt,
1122 2788 1342 2851 fignificat
1377 2788 1637 2834 elevationis
1660 2784 2125 2850 gradum‘majorem:
2164 2788 2209 2834 &
2237 2788 2415 2836 iverunt
2436 2791 2490 2838 fi-

515 2859 612 2905 mul
634 2858 690 2902 ad
714 2855 1027 2909 Beerschebah,
1061 2855 1280 2917 fignificat
1321 2855 1669 2916 progreffionem
1708 2855 1753 2899 in
1794 2852 2015 2899 charitatis
2055 2853 2105 2899 ὅτ
2128 2852 2232 2899 fidei
2255 2854 2490 2914 Doftrina,

514 2939 621 2986 quae
643 2923 827 2978 Divina,
863 2921 937 2967 cui
969 2918 1176 2983 adjunfta
1207 2919 1437 2966 rationalia
1459 2919 1682 2966 humana:
1720 2920 1768 2966 ὅτ
1789 2917 2011 2965 habitavit
2028 2917 2261 2966 Abraham
2292 2921 2339 2967 in
2359 2922 2492 2969 Beer-

515 2989 718 3043 schebah,
754 2987 974 3049 fignificat
996 2986 1121 3048 quod
1143 2986 1373 3033 Dominus
1396 2984 1450 3031 fit
1472 2984 1564 3048 ipsa
1586 2985 1660 3031 illa
1675 2985 1906 3031 DOCtrina.
2382 2995 2386 2998 ·

585 3054 725 3115 2856.
763 3050 982 3099 Reversus
1010 3051 1072 3097 est
1094 3050 1323 3099 Abraham
1361 3051 1416 3097 ad
1452 3067 1613 3113 pueros
1644 3049 1760 3106 suOS,
1795 3049 1919 3114 quod
1956 3049 2176 3114 significet
2211 3050 2492 3117 conjunffio-
2565 3095 2578 3105 .

461 3124 464 3126 ’
518 3136 621 3167 nem
644 3123 806 3167 iterum
840 3133 946 3165 curn
988 3117 1191 3164 rationali
1221 3117 1376 3180 priori,
1413 3116 1580 3164 constat
1601 3134 1628 3163 a
1650 3116 1970 3179 significatione
1989 3133 2253 3180 puerorum,
2287 3119 2413 3181 quod
2437 3121 2492 3172 fit

513 3185 722 3237 rationale
756 3185 879 3248 prius
914 3183 987 3233 seu
1021 3199 1142 3234 mere
1179 3183 1431 3233 humanum
1448 3183 1589 3248 'quod
1619 3184 1934 3232 inserviturum
1958 3183 2185 3233 Rationali
2206 3185 2397 3243 Divino,
2433 3186 2493 3237 do

2399 3267 2491 3316 qua
