2904 3750
531 105 1552 269 CAPUTVIGESQUM,
1601 161 2115 265 QCTAVUM.
2225 186 2361 257 421
2446 111 2448 113 ’

358 303 578 361 edendum,
612 301 668 352 &
690 299 841 360 vestem
862 297 924 348 ad
942 292 1208 364 induendum.
1277 299 1343 347 Et
1365 297 1525 348 rediero
1546 298 1595 345 in
1609 308 1720 360 pace
1741 296 1804 344 ad
1824 297 1987 347 domum
2010 303 2160 363 patris
2179 304 2276 359 mei,
2310 303 2368 352 {si

359 375 444 421 erit
463 369 671 436 Jehovah
694 367 801 417 mihi
822 369 869 414 in
894 367 1047 414 Deum.
1118 368 1184 415 Et
1202 365 1329 427 lapis‘
1346 364 1434 422 hic,
1469 373 1586 429 que'm
1601 365 1727 428 pofici
1733 363 1946 423 statuam,
1981 369 2065 414 erit
2086 367 2228 415 domus
2252 369 2340 417 Dei
2351 391 2367 426 ;

359 440 417 490 &³
440 454 555 492 omne
575 435 686 503 quod
704 434 865 489 dederis
886 433 1009 489 mihi,
1051 431 1290 486 decimando
1322 430 1532 479 decimabo
1554 430 1664 478 illud
1682 430 1776 477 tibi.
1846 426 1994 478 Vovit
2016 433 2163 493 Jacob
2184 447 2368 493 votum,

361 500 576 562 dicendo,
610 501 835 569 fignificat
856 497 1168 554 Providentiae
1199 496 1366 546 statum
1382 518 1398 554 3
1433 497 1469 544 fi
1490 494 1627 543 fuerit
1648 497 1775 545 Deus
1810 513 1920 545 cum
1961 513 2053 554 me,
2089 499 2138 545 δε
2170 501 2371 549 custodi«

361 575 480 625 verit
513 586 588 623 me
620 570 667 616 in
688 568 764 614 via
786 566 884 622 hac,
919 579 1059 628 quam
1082 580 1171 628 ego
1193 563 1447 621 ambulans,
1484 563 1706 631 fignificat
1729 565 2002 615 continuum
2025 565 2283 616 Divinum:
2319 570 2371 615 &t

363 638 535 691 dederit
575 633 689 688 mihi
726 647 891 697 panem
932 631 986 678 ad
1027 630 1277 689 edendum,
1329 630 1551 696 significat
1584 630 1724 696 usque
1761 631 1818 678 ad
1853 630 2221 694 conjunctionem
2262 650 2372 682 cum

361 705 539 756 Divino
558 702 722 754 Bono:
757 699 808 746 &
826 697 998 745 vestem
1021 697 1077 746 ad
1101 697 1405 756 induendum,
1428 697 1652 764 fignificat
1673 696 2045 762 conjunctionem
2069 713 2176 746 cum
2195 700 2373 748 Divino
2443 736 2445 738 .

363 772 521 822 Vero:
557 770 607 816 &
649 766 825 815 rediero
863 766 912 813 in
953 781 1063 831 pace
1100 765 1157 813 ad
1196 766 1395 815 domum
1428 766 1567 833 patris
1602 765 1710 822 mei,
1747 764 1968 829 fignificat
2005 764 2144 829 usque
2182 767 2240 812 ad
2271 783 2373 830 per-

363 838 528 889 festam
567 824 812 887 unionem:
853 833 905 884 ὅτ,
939 835 1022 880 erit
1051 832 1258 897 jehovah
1293 831 1407 886 mihi
1447 834 1494 879 in
1524 832 1699 890 Deum,
1736 832 1958 896 fignificat
1997 832 2123 896 quod
2145 833 2375 881 Divinum

362 902 582 959 Naturale
621 903 758 953 etiam
781 898 1018 962 Jehovah;
1062 901 1111 948 &
1147 899 1260 969 lapis
1294 899 1368 947 hic
1437 914 1544 947 uem
1569 897 1698 962 posui
1721 898 1929 956 statuam,
1964 898 2189 963 fignificat
2211 914 2377 951 verum
2434 927 2438 931 ·

363 970 492 1036 quod
521 970 774 1019 ultimum:
825 967 909 1015 erit
945 966 1112 1013 domus
1146 967 1253 1023 Dei,
1288 916 1528 1030 fignificat,
1563 966 1638 1012 hic
1673 978 1725 1013 ut
1755 966 1898 1030 prius,
1936 966 2156 1029 Regnum
2181 966 2376 1014 Domini

363 1040 412 1087 in
434 1038 600 1087 ultimo
623 1035 812 1091 ordinis,
847 1035 895 1081 in
918 1049 1013 1098 quo
1052 1031 1275 1095 superiora
1298 1044 1350 1080 ut
1385 1034 1433 1080 in
1471 1032 1548 1081 sua
1586 1032 1760 1081 domo:
1803 1033 1853 1080 &
1878 1049 2016 1080 omne
2045 1032 2174 1096 quod
2199 1034 2377 1082 dederis

366 1104 498 1163 mihi,
523 1101 796 1152 decimando
820 1098 1059 1147 decimabo
1081 1100 1195 1148 iliud
1211 1099 1319 1158 tibi,
1342 1098 1566 1164 fignificat
1588 1102 1717 1164 quod
1739 1100 1894 1147 omnia
1918 1100 1966 1146 δε
1983 1098 2166 1166 'singula
2189 1117 2244 1148 ex
2269 1116 2378 1166 pro-

367 1172 464 1238 pria
486 1170 691 1235 potentia
710 1168 884 1215 Divina
907 1164 1074 1213 fecerit.

474 1253 582 1302 732·
617 1235 766 1282 Vovit
784 1232 988 1294 Jacobus
1009 1245 1192 1291 votum,
1227 1234 1355 1303 quod
1394 1232 1617 1297 fignificet
1638 1233 1950 1283 Providentiae
1986 1233 2169 1293 statum,
2204 1232 2380 1284 constat

369 1321 395 1354 a
444 1302 752 1368 ignificatione
775 1315 944 1348 vovere
970 1312 1157 1357 votum,
1189 1300 1318 1363 quod
1353 1302 1401 1348 in
1442 1299 1565 1353 sensu
1606 1301 1784 1354 interno
1818 1299 1873 1348 fit
1912 1300 2027 1354 velle
2061 1313 2113 1349 ut
2141 1302 2379 1349 Dominus

370 1368 626 1436 provideat,
662 1366 767 1417 inde
790 1366 836 1414 in
859 1364 982 1415 sensu
1006 1365 1235 1432 suprem0‚
1271 1368 1317 1421 in
1340 1383 1436 1431 quo
1467 1369 1618 1430 agitur
1641 1367 1699 1416 de
1719 1367 1946 1426 Domino,
1980 1366 2043 1415 est
2067 1367 2381 1422 Providentiae

370 1438 525 1488 status.
598 1433 743 1502 QOd
769 1449 938 1483 vovere
959 1446 1125 1485 votum
1149 1434 1203 1480 fit
1226 1435 1274 1481 in
1295 1433 1417 1482 sensu
1443 1435 1621 1484 interno
1644 1432 1761 1483 velle
1786 1447 1837 1481 ut
1859 1435 2091 1489 Dominus
2124 1434 2380 1499 provideat,

371 1504 514 1556 estex
533 1503 605 1560 eo,
632 1514 641 1520 ·
675 1502 748 1551 uia
771 1502 890 1551 votis
922 1500 1032 1548 inest
1067 1500 1340 1554 desiderium
1374 1502 1424 1552 &
1447 1501 1643 1559 affectio,
1679 1513 1732 1559 ut
1766 1500 1844 1548 fiat
1875 1502 2002 1565 quod
2027 1501 2208 1560 volunt,
2241 1502 2306 1548 ita
2329 1514 2383 1548 ut

371 1571 610 1636 provideat
698 1568 911 1621 ominus:
960 1566 1025 1614 est
1056 1567 1228 1632 aliquid
1266 1567 1672 1632 constipulationis,
1709 1569 1759 1616 δε
1797 1567 1931 1614 fimul
1968 1568 2142 1632 aliquid
2181 1567 2323 1615 debiti
2357 1582 2385 1615 a

371 1649 498 1702 parte
521 1635 735 1692 hominiS,
772 1633 900 1697 quod
923 1633 1004 1681 fibi
1039 1632 1242 1699 suscepit,
1277 1633 1311 1681 si
1333 1646 1491 1697 optato
1522 1636 1762 1698 potiretur,
1797 1645 1852 1681 ut
1874 1634 1947 1682 hic
1971 1634 2211 1747 affJacobo,
2254 1633 2388 1698 quod

374 1702 586 1766 Jehovah
611 1701 716 1748 effet
747 1700 813 1747 illi
845 1701 892 1749 in
915 1700 1090 1757 Deum,
1126 1700 1175 1749 ὅτ
1212 1699 1325 1763 lapis
1354 1716 1496 1763 quem
1527 1698 1679 1764 posuit
1714 1699 1922 1758 statuam3
1958 1717 1981 1748 e
2018 1714 2062 1749 et
2085 1702 2253 1749 domus
2275 1700 2385 1760 Dei,

375 1770 428 1819 ὅτ
449 1767 576 1834 quod
603 1767 849 1817 decimaret
880 1782 1020 1827 omne
1052 1765 1180 1833 quod
1212 1765 1388 1813 dederit
1418 1766 1501 1823 illi,
1538 1766 1571 1814 fi
1594 1766 1806 1832 Jehovah
1839 1766 2133 1823 custodiverit
2172 1767 2304 1815 illum
2339 1767 2389 1816 in

375 1837 468 1895 via,
503 1836 552 1884 &
577 1833 752 1883 dederit
777 1833 849 1880 -illi
881 1849 1046 1898 panem
1070 1833 1126 1881 ad
1150 1832 1400 1890 edendum,
1437 1834 1487 1886 &
1511 1832 1682 1881 vestem
1711 1834 1768 1881 ad
1791 1834 2096 1892 induendum,
2133 1850 2184 1882 ac
2208 1834 2391 1883 redierit

376 1904 425 1951 in
448 1919 558 1965 pace
591 1899 648 1949 ad
671 1900 868 1950 domum
902 1901 1041 1964 patris
1073 1899 1169 1958 sui:
1212 1900 1318 1949 inde
1339 1913 1482 1965 patet,
1517 1900 1647 1965 quod
1681 1913 1789 1949 vota
1824 1913 1934 1949 tunc
1967 1903 2186 1966 temporis
2219 1900 2391 1949 fuerint

379 1968 619 2031 singularia
652 1966 800 2031 paeta,
837 1967 1063 2029 imprimis
1093 1967 1148 2015 acl
1184 1965 1522 2029 agnoscendum
1547 1969 1703 2022 Deum
1738 1983 1824 2032 pro
1860 1966 1937 2014 suo
1959 1969 2081 2027 Deo,
2118 1968 2150 2015 fi
2174 1968 2390 2032 provide-

381 2048 449 2084 ret
491 2034 576 2082 illis
610 2049 716 2097 quae
748 2031 1070 2088 desiderabant,
1105 2034 1155 2081 ὅτ
1178 2048 1363 2096 quoque
1386 2034 1515 2097 quod
1537 2034 1835 2099 rependerent
1861 2035 1947 2098 Ipsi
1971 2051 2052 2099 per
2075 2034 2260 2098 aliquod
2284 2050 2389 2082 mu·

382 2117 485 2158 nuS,
521 2101 555 2149 fi
587 2098 861 2165 provideret.
934 2099 1010 2148 Ex
1048 2098 1119 2147 his
1160 2097 1392 2148 manifeste
1427 2111 1570 2164 patet,
1618 2100 1772 2164 quales
1811 2100 1998 2150 fuerunt
2033 2102 2191 2150 Patres
2230 2101 2394 2150 Gentis

381 2167 605 2232 Judaicae,
640 2165 755 2213 ficut
785 2165 860 2213 hic
881 2165 1044 2228 Jacob,
1080 2165 1206 2229 quod
1232 2165 1440 2216 nondum
1464 2168 1701 2231 agnoverit
1725 2166 1971 2227 Jehovam,
2007 2167 2057 2216 &
2078 2168 2209 2232 quod
2241 2167 2391 2216 adhuc

383 2236 431 2283 in
472 2234 686 2282 electione
709 2230 861 2288 fuerit,
899 2248 1011 2280 num
1038 2231 1170 2280 illum
1204 2245 1282 2283 aut
1304 2233 1446 2281 alium
1478 2249 1564 2297 pro
1604 2232 1684 2280 suo
1707 2233 1813 2280 Deo
1846 2232 2138 2296 agnosceret·,
2180 2235 2269 2282 hoc
2304 2234 2391 2282 sin-

421 2301 541 2348 ulare
563 2298 651 2348 fuit
675 2300 723 2346 in
746 2311 880 2362 gente
915 2299 1007 2356 illa,
1046 2298 1186 2363 usque
1218 2317 1245 2348 a
1267 2300 1476 2349 Patribus
1498 2316 1678 2357 eorum,
1716 2299 1846 2364 quod
1869 2299 2056 2364 quisque
2093 2299 2226 2350 suum
2251 2301 2393 2348 deum

385 2317 547 2414 {abere
570 2365 721 2421 vellet,
759 2367 806 2413 &
833 2367 914 2428 qui
937 2366 1165 2426 Jehovam
1191 2366 1382 2424 colebat,
1422 2366 1527 2415 effet
1559 2367 1704 2414 modo
1725 2366 1854 2431 quod
1889 2366 2088 2430 aliquem
2115 2367 2273 2424 deum,
2312 2367 2395 2430 qui

387 2430 593 2494 Jehovah
618 2430 931 2495 appellaretur,
965 2433 1018 2481 δε
1039 2447 1122 2495 per
1144 2431 1231 2480 hoc
1262 2448 1432 2481 nomen
1466 2431 1702 2482 distinctus
1734 2433 1839 2480 effet
1871 2449 1896 2479 a
1936 2433 2022 2480 diis
2055 2431 2245 2480 aliarum
2280 2449 2394 2496 gen·

388 2500 525 2554 tium,
560 2500 621 2545 ita
643 2497 771 2560 quod
803 2496 951 2545 cultus
972 2513 1152 2556 eorum,
1186 2499 1321 2547 etiam
1354 2499 1401 2547 in
1429 2498 1534 2557 hoc,
1569 2499 1881 2549 idololatricus
1912 2496 2064 2556 fuerit,
2101 2515 2208 2546 nam
2244 2499 2395 2547 cultus

389 2564 522 2613 solius
546 2564 763 2621 nominis,
798 2563 969 2622 etiamsi
983 2564 1197 2626 -Jehovae,
1233 2582 1326 2615 non
1348 2565 1413 2616 est
1437 2566 1518 2615 nisi
1540 2565 1866 2623 idololatricuS,
1892 2582 1953 2614 n:
1979 2583 2136 2627 1004:
2179 2563 2293 2613 sicut
2308 2566 2395 2631 ‚qui

390 2630 433 2679 se
457 2629 732 2679 Christianos
754 2643 935 2687 vocant,
973 2631 1022 2679 δε
1040 2632 1208 2681 -dicunt
1240 2632 1282 2680 se
1306 2633 1451 2681 colere
1474 2631 1728 2690 Christum,
1766 2634 1817 2685 ὅτ
1842 2648 1935 2685 non
1958 2634 2126 2680 vivunt
2145 2633 2394 2682 secundum

389 2698 698 2813 fficissisff
699 2696 1097 2830 s¹c¹2¹1⁸2211³1¹fis¹¹32³e¹¹131
1117 2698 2395 2833 iffgiffssl‘riffecgflkntzpssffffii‘ifissffl”⁵6¹5me2‘23<12st

502 2814 506 2817 ,
1091 2824 1093 2826 ,
1514 2815 1518 2817 μ
1890 2816 1894 2818 μ
2023 2803 2039 2826 ,
2206 2805 2218 2815 .
2383 2805 2394 2816 .

396 2847 472 2895 23.
500 2845 674 2891 24.‘n:
698 2848 842 2894 3010.
1070 2888 1073 2890 ,
1172 2876 1175 2879 ,

467 2913 607 2961 3733.
645 2898 693 2944 Si
721 2896 857 2945 fuerit
878 2899 1006 2946 Deus
1039 2915 1149 2948 cum
1185 2917 1276 2958 me,
1313 2900 1364 2949 ὅτ
1396 2899 1692 2952 custodiverit
1725 2917 1799 2949 me
1833 2902 1880 2948 in
1904 2901 1980 2948 via
2014 2900 2095 2948 hac
2128 2916 2269 2965 quam
2308 2917 2397 2960 ego

393 2962 645 3020 ambulans,
680 2964 808 3027 quod
845 2965 1068 3028 significet
1089 2969 1361 3015 continuum
1384 2969 1631 3026 Divinum,
1667 2963 1839 3018 constat
1871 2981 1928 3016 ex
1957 2967 2282 3032 significatione
2314 2966 2399 3014 effe

396 3029 525 3075 Deus
549 3044 659 3076 cum
687 3030 856 3094 aliquo,
897 3034 946 3078 δε
979 3033 1203 3082 custodire
1235 3036 1282 3082 in
1307 3035 1396 3092 via,
1436 3051 1578 3100 quam
1612 3034 1834 3093 ambulat,
1869 3034 1996 3099 quod
2036 3035 2090 3082 fit
2128 3037 2398 3081 continuum

397 3093 661 3150 Divinum3
702 3097 973 3158 praedicatur
1003 3102 1125 3148 enim
1166 3100 1223 3148 de
1255 3102 1482 3160 Domin0,
1517 3103 1599 3167 qui
1636 3102 1790 3166 quoad
1828 3102 1968 3164 ipsam
2002 3101 2250 3149 Effentiam
2288 3100 2401 3146 vitae

397 3157 490 3227 fuit
512 3160 736 3224 Jehovah,
789 3163 897 3212 inde
933 3166 1136 3215 universa
1169 3168 1265 3216 vita
1299 3167 1443 3234 Ipsius
1474 3185 1501 3217 a
1531 3171 1680 3234 prima
1719 3165 1920 3236 infantiae
1956 3167 2012 3216 ad
2046 3168 2273 3222 ultimam,
2310 3163 2401 3212 fuit

2137 3234 2406 3279 continuum
