2904 3750
629 191 967 259 CAPUT
1013 150 2144 257 VIGESIMt'JM‘oCTAVUM.
2249 189 2390 272 469

386 318 580 372 fuerunt*
609 323 967 388 repraesentativa
1001 325 1152 374 omnis
1186 323 1297 372 boni
1331 322 1499 380 cultus»,
1533 323 1584 371 &
1603 320 1806 371 Ecclesia
1828 321 2015 382 Judaica
2043 321 2243 371 instituta
2280 321 2385 379 fuit,

387 403 441 439 ut
472 388 805 454 repraesentaret
827 391 1077 439 Ecclesiam
1099 390 1349 447 coelestem,
1383 405 1506 454 quae«
1529 384 1623 437 nori
1639 404 1644 408 ’
1660 387 1783 436 aliud
1813 403 1977 435 verum
2005 392 2211 451 agnovit,
2245 405 2385 453 quam
2416 434 2420 437 ,

385 457 516 522 quod
547 472 604 505 ex
632 457 771 515 bono,
805 457 934 520 quod
964 456 1149 503 coeleste
1178 471 1343 503 verum
1377 454 1643 519 appellatur,
1677 470 1784 502 nam
1809 468 1971 500 verum
2008 471 2064 501 ne
2098 458 2287 503 minime
2320 455 2384 502 se—

360 554 365 559 ,
387 538 542 588 parare
564 522 714 570 voluit
741 540 766 570 a
798 522 937 579 bono,
973 521 1113 585 usque
1146 520 1260 569 adeo
1291 534 1345 570 ut
1383 537 1439 569 ne
1477 520 1670 586 quidem
1704 521 1939 569 nominare
1971 519 2142 583 aliquid
2171 522 2278 569 fidei
2310 521 2383 569 seu

385 591 485 637 veri
513 588 666 645 vellet,
702 587 785 636 nifi
823 588 1043 651 cogitaret
1076 587 1135 635 de
1171 586 1312 646 bono,
1363 588 1412 636 &
1446 586 1494 635 id
1532 603 1590 635 ex
1631 586 1772 645 bono,
1806 588 2018 636 videatur
2051 603 2112 634 n:
2142 604 2252 636 202.
2273 604 2383 653 337.

384 655 693 720 2069.'2715.
714 657 857 719 2718.
883 654 1031 718 3246,
1066 654 1171 702 ideo
1198 654 1615 719 repraesentativum
1638 655 1733 702 veri
1769 652 1859 701 fuit
1889 669 1971 717 per
2002 653 2173 717 lapides
2196 653 2383 711 Altaris‚

381 721 434 770 &
455 720 746 769 interdictum
768 720 898 784 quod
930 737 1014 785 per
1042 719 1221 778 statuas,
1258 738 1314 770 ne
1338 721 1397 769 fic
1429 721 1701 786 separaretur
1722 736 1884 768 verum
1918 736 1944 767 a
1966 719 2105 776 bono,
2143 736 2193 767 ac
2217 736 2382 784 reprae·

378 785 595 836 sentative
633 786 1052 836 colereturverum
1086 787 1191 835 loco
1228 788 1371 844 boni,
1405 804 1544 851 quare
1566 789 1626 836 ita
1654 788 1778 851 apud
1798 785 1982 843 Mosen,
2019 791 2052 814 “
2075 786 2189 834 Non
2213 786 2384 850 planta·

379 851 451 900 bis
485 852 570 902 tibi
609 853 768 902 lucum
797 850 1105 918 cujuscunque
1136 854 1307 903 arboris
1340 852 1473 918 Juxta
1507 854 1649 902 altare
1669 855 1853 918 Jehovae
1874 854 1965 901 Dei
1987 854 2056 900 tui
2086 853 2216 916 quod
2248 852 2384 901 facies

379 920 481 978 tibi,
515 921 567 968 &
594 936 675 968 non
709 922 843 983 eriges
873 920 957 968 tibi
973 919 1186 979 statuam,
1222 937 1363 985 quam
1395 920 1496 969 odit
1519 919 1727 982 Jehovah
1760 921 1887 967 Deus
1924 931 2048 976 tuus,
2084 921 2238 967 Deut:
2262 935 2380 968 xvr:

354 995 459 1037 -214
484 1002 543 1036 22
567 1008 583 1043 ;
617 986 764 1035 colere
786 986 910 1035 enim
935 1002 1098 1035 verum
1120 986 1369 1052 separatum
1393 1004 1419 1035 a
1442 987 1581 1045 bono,
1618 986 1691 1035 seu
1724 986 1866 1034 fidem
1902 985 2144 1049 separatam
2179 1002 2204 1033 a
2238 987 2383 1034 chari-

375 1066 482 1111 tate,
516 1052 582 1101 est
603 1066 761 1102 contra
781 1054 1028 1111 Divinum,
1064 1055 1172 1117 quia
1210 1066 1368 1102 contra
1402 1054 1629 1111 ordinem,
1665 1054 1795 1118 quod
1833 1052 2111 1116 significatur
2142 1068 2222 1116 per
2251 1053 2382 1116 quod

374 1129 470 1168 non
490 1121 636 1182 eriges
657 1119 740 1167 tibi
775 1118 985 1176 statuam,
1020 1136 1159 1183 quam
1184 1121 1285 1168 odit
1307 1120 1514 1182 Jehovah
1536 1122 1693 1168 Deus:
1729 1119 1802 1167 sed
1828 1119 1957 1182 quod
1981 1119 2120 1183 usque
2143 1122 2380 1176 erexerint,

376 1187 428 1234 &
452 1185 511 1232 fic
535 1185 947 1248 repraesentaverint
970 1186 1044 1233 illa
1063 1201 1173 1250 quae
1195 1186 1298 1235 sunt
1318 1199 1476 1235 contra
1498 1187 1724 1243 ordinem,
1760 1186 1932 1233 constat
1953 1186 2075 1249 apud
2099 1186 2380 1244 Hostheam,

378 1256 415 1280 “
449 1251 579 1300 Israel
613 1251 861 1299 secundum
895 1251 1197 1316 multiplicare
1218 1251 1420 1301 fruEtum
1446 1253 1596 1310 suum,
1630 1252 1888 1315 multiplicat
1911 1252 2093 1309 altaria,
2130 1252 2380 1300 secundum

378 1317 557 1367 bonum
591 1330 722 1366 terrae
761 1317 869 1375 suae,
909 1317 1087 1380 faciunt
1119 1320 1218 1367 bene
1230 1319 1405 1380 statuas
1421 1338 1437 1368 .-
1474 1319 1550 1367 sed
1589 1331 1760 1367 evertet
1796 1318 1962 1366 altaria
2001 1335 2157 1375 eorum,
2193 1319 2381 1367 vastabit

362 1383 537 1446 statuas
557 1386 748 1442 eorum‚''
784 1400 848 1433 x:
881 1402 920 1434 1.
949 1401 993 1436 2.
1064 1386 1116 1433 In
1153 1385 1301 1435 Libro
1334 1387 1495 1436 Primo
1519 1387 1726 1450 Regum,
1763 1390 1798 1413 “
1822 1386 1950 1434 Fecit
1972 1385 2183 1447 jehudah
2207 1386 2381 1433 malum

380 1452 427 1499 in
466 1451 857 1513 oculis.Jeh0vae,
899 1452 951 1499 ὅτ.
990 1451 1276 1501 aedificarunt
1311 1452 1393 1501 fibi
1433 1453 1618 1510 excelsa,
1662 1454 1711 1501 &
1741 1454 1935 1509 Statuas,
1980 1453 2029 1500 &
2061 1452 2206 1509 lucos,
2252 1448 2383 1517 super

377 1520 509 1567 omni
532 1518 648 1566 colle
679 1518 788 1575 alto,
822 1518 875 1566 ὅτ.
894 1517 977 1566 sub
997 1519 1125 1567 omni
1148 1519 1304 1568 arbore
1325 1521 1514 1577 viridi,’'
1547 1534 1664 1568 xrv:
1692 1536 1768 1584 23.
1805 1520 1859 1567 ln
1882 1518 2029 1566 Libro
2053 1518 2265 1566 Secundo
2283 1521 2380 1567 Re-

374 1599 511 1647 gum,
548 1589 583 1612 “
606 1585 646 1632 F
648 1584 713 1631 ilii
733 1583 899 1632 Israelis
913 1585 1163 1644 statuerunt
1169 1587 1258 1645 sthi
1265 1586 1457 1645 statuas,
1491 1586 1541 1635 &
1565 1586 1709 1643 lucOS,
1745 1585 1876 1649 super
1896 1587 2024 1633 omni
2050 1585 2163 1633 colle
2184 1585 2293 1644 alto,
2328 1587 2381 1635 δε

371 1650 456 1698 sub
478 1651 607 1699 omni
636 1650 794 1698 arbore
815 1651 1015 1707 viridi,'’‡
1038 1667 1149 1699 xvn
1172 1670 1185 1699 ε
1217 1669 1276 1701 10
1295 1671 1306 1700 :
1343 1654 1391 1698 in
1411 1652 1595 1699 Eodem
1618 1652 1784 1709 Libro,
1821 1656 1856 1679 “
1878 1651 2060 1699 Chiikia
2082 1653 2279 1700 removit
2300 1668 2379 1703 ex-

369 1715 500 1774 celsa,
534 1717 586 1764 &
616 1717 824 1780 confregit
842 1716 1034 1774 statuas,
1069 1718 1120 1765 ὅτ
1143 1717 1318 1765 excidit
1339 1718 1516 1775 lucum,
1551 1718 1602 1765 &
1634 1716 1846 1766 contudit
1886 1714 2135 1781 serpentem
2176 1734 2376 1776 aeneum,

370 1798 513 1847 quem
546 1781 709 1831 fecerat
731 1783 901 1841 Moses,
937 1785 1045 1848 quia
1074 1783 1309 1832 suffiebant
1332 1785 1449 1842 illi,’'
1486 1800 1652 1832 xvm:
1679 1802 1727 1846 4.
1799 1785 1925 1848 Qia
1962 1785 2132 1832 Gentes
2169 1800 2250 1848 per
2289 1798 2378 1834 tra-

280 1882 284 1886 *
352 1850 565 1897 ‘ditiones
599 1851 735 1897 etiarn
775 1849 1044 1907 habuerunt,
1078 1851 1209 1914 quod
1231 1850 1436 1899 sanctum
1461 1851 1609 1899 cultus
1643 1850 2030 1916 repraesentaretur
2054 1867 2134 1916 per
2154 1851 2305 1900 altaria
2327 1853 2379 1901 δε

371 1931 455 1979 per
479 1914 660 1972 statuaS,
695 1916 744 1963 &
767 1928 919 1979 tamen
955 1916 1021 1963 illi
1052 1916 1102 1964 in
1133 1918 1257 1966 malo
1286 1918 1338 1966 ὅτ
1358 1916 1467 1966 falso
1488 1919 1642 1976 effent,
1678 1919 1783 1966 ideo
1803 1934 1882 1982 per
1904 1918 2056 1966 altaria
2074 1918 2198 1982 apud
2220 1931 2379 1982 gentes

370 1981 680 2045 significantur
709 1982 826 2030 mala
858 1982 1024 2039 cultus,
1060 1983 1111 2029 &
1142 1999 1225 2046 per
1262 1983 1421 2040 statuas
1448 1982 1567 2042 falsa,
1602 2001 1740 2049 quare
1778 1985 2045 2033 mandatum
2086 1997 2138 2032 ut
2177 1984 2376 2034 destrue·

371 2061 561 2104 rentur,
596 2047 716 2111 apud
741 2047 923 2105 Mosen,
961 2053 996 2075 “
1014 2048 1194 2096 Altaria
1215 2051 1415 2098 Gentium
1438 2053 1654 2108 evertetis,
1690 2048 1922 2111 &statuas
1960 2068 2100 2100 eorum
2138 2052 2376 2116 confringe-

367 2117 446 2171 tis,
493 2115 544 2163 &
583 2114 710 2162 lucos
748 2130 910 2162 eorum
945 2113 1264 2173 exscindetis,'’
1298 2113 1466 2165 Exod:
1494 2132 1682 2164 xxxrv:
1716 2135 1787 2181 13.
1832 2119 1987 2166 Deut:
2013 2134 2090 2165 vn
2112 2131 2122 2164 :
2147 2136 2192 2181 5.
2239 2119 2370 2183 Cap:

366 2196 480 2229 x11:
509 2198 554 2245 3.
624 2180 773 2245 Apud
796 2180 1030 2238 Eundem,
1070 2186 1105 2208 “
1125 2182 1238 2230 Non
1278 2182 1534 2230 incurvabis
1569 2195 1615 2231 te
1651 2183 1738 2230 diis
1771 2185 1999 2247 gentium,
2032 2185 2084 2233 δε
2121 2201 2213 2233 non
2252 2186 2373 2234 coles

369 2247 488 2304 illos,
525 2249 575 2296 &
598 2264 692 2295 non
715 2246 846 2295 facies
876 2245 1005 2311 juxta
1026 2264 1164 2312 opera
1182 2265 1360 2306 eorum,
1395 2250 1503 2314 quia
1522 2249 1794 2297 destruendo
1814 2248 2010 2298 destrues
2034 2250 2156 2308 illos,
2190 2251 2241 2298 &
2262 2268 2374 2299 con·

370 2312 615 2376 fringendo
647 2314 882 2376 confringes
902 2315 1077 2371 statuas
1098 2318 1288 2373 eorum,”
1311 2317 1470 2365 Exod:
1496 2332 1660 2363 xxm:
1687 2333 1777 2376 243
1811 2316 1876 2363 dii
1899 2317 2108 2380 gentium
2129 2332 2216 2380 pro
2238 2316 2372 2375 falfis,
2466 2378 2473 2382 .

369 2394 506 2442 opera
530 2395 616 2442 pro
642 2381 789 2437 malis,
825 2379 1111 2443 confringere
1148 2381 1312 2430 statuas
1353 2399 1439 2446 pro
1475 2382 1697 2430 destruere
1735 2381 1913 2429 cultum
1946 2399 2004 2429 ex
2028 2381 2150 2430 falso.
2221 2385 2372 2448 Apud

369 2446 632 2506 jeremiam,
671 2451 705 2472 “
727 2445 1118 2494 Nebuchadnezar
1152 2449 1257 2495 Rex
1296 2449 1471 2496 Babelis
1510 2446 1768 2512 confringet
1790 2449 1967 2507 statuas
2003 2449 2147 2497 domus
2173 2450 2278 2513 solis
2322 2453 2369 2498 in

365 2524 482 2559 terra
503 2513 720 2575 AEgypti,
757 2513 806 2560 &
830 2513 995 2561 domos
1018 2513 1211 2561 deorum
1228 2515 1427 2579 AEgypti
1450 2515 1692 2563 comburet
1713 2517 1870 2579 igne‚'’
1903 2531 2038 2562 xmrr
2060 2533 2071 2563 :
2103 2534 2174 2580 13.
2220 2518 2369 2581 Apud

347 2577 673 2635 Ezechielem,
698 2583 754 2644 .“
789 2579 1178 2628 Nebuchadnezar
1215 2581 1321 2629 Rex
1356 2581 1532 2630 Babelis
1570 2598 1651 2646 per
1687 2582 1883 2646 ungulas
1919 2598 2143 2646 equorum
2182 2582 2368 2632 suorum

367 2645 650 2692 conculcabit
674 2661 833 2692 omnes
857 2646 1025 2709 plateas
1055 2659 1174 2704 tuas,
1208 2647 1436 2712 populum
1458 2649 1615 2712 gladio
1636 2649 1832 2706 occidet,
1867 2649 2098 2707 &statuas
2119 2650 2281 2697 roboris
2301 2653 2371 2698 tui

367 2711 413 2757 in
447 2724 610 2760 terram
642 2711 904 2759 descendere
937 2712 1119 2771 faciet,'’
1153 2729 1304 2762 xxm:
1336 2734 1428 2772 113
1465 2715 1546 2762 ubi
1565 2715 1623 2763 de
1643 2716 1812 2779 Tym3
1847 2715 2241 2764 Nebuchadnezar
2264 2718 2368 2764 Rex

366 2777 540 2825 Babelis
570 2794 654 2842 pro
687 2779 766 2826 illo
797 2779 927 2842 quod
957 2780 1111 2837 vastat,
1149 2797 1209 2841 ης
1242 2798 1365 2847 1327
1390 2781 1414 2828 f
1428 2804 1444 2839 ·,
1479 2782 1668 2846 ungulae
1702 2798 1928 2846 equorum
1967 2799 2054 2847 pro
2088 2783 2260 2830 infimis
2297 2786 2366 2831 in·

368 2843 709 2913 telleEtualibus,
743 2846 893 2909 qualia
915 2845 1016 2894 sunt
1040 2846 1281 2896 scientifica
1302 2865 1361 2896 ex
1385 2852 1520 2897 meris
1553 2849 1838 2907 sensualibus,
1871 2850 2000 2914 quod
2040 2850 2229 2913 ungulae
2264 2851 2367 2897 infi-

344 2924 444 2956 .rna
471 2909 572 2967 fint,
607 2912 712 2958 alibi
744 2928 800 2958 ex
824 2914 995 2960 Divina
1025 2914 1220 2962 Domini
1260 2915 1595 2974 Misericordia,
1630 2916 2009 2973 confirmabitur;
2044 2918 2149 2980 equi
2182 2932 2267 2981 pro
2299 2919 2366 2964 in-

366 2974 705 3035 tellectualibus,
742 2995 803 3027 n:
833 2981 976 3044 2760.
998 2981 1139 3045 2761.
1161 2982 1322 3046 2762;
1358 2984 1521 3046 plateae
1551 2999 1637 3047 pro
1659 2984 1796 3040 veris,
1830 2984 1879 3031 &
1917 2986 1963 3030 in
1999 2983 2209 3047 opposito
2246 2982 2366 3029 sensu

343 3055 461 3103 pro·
485 3040 619 3098 falsis,
655 3060 717 3091 n:
744 3046 889 3109 2336,
924 3063 1034 3109 quas
1058 3048 1322 3096 conculcare
1345 3050 1410 3097 est
1441 3050 1665 3099 destruere
1696 3051 1985 3113 ¹cognitiones
2011 3053 2123 3105 veri,
2158 3065 2266 3111 quae
2289 3065 2367 3110 per

342 3107 550 3170 .Tyrum
574 3108 897 3172 fignificantur,
932 3114 1060 3176 quod
1085 3115 1257 3179 Tyrus,
1294 3116 1353 3164 de
1387 3132 1478 3180 qua
1516 3117 1589 3174 hic
1628 3117 1796 3179 agitur,
1831 3117 1916 3163 sint
1950 3119 2231 3180 cognitiones
2254 3117 2364 3171 veri,

2122 3197 2177 3227 n:
2212 3197 2325 3229 1201
2351 3203 2365 3236 ·‚
