2904 3750
675 221 681 227 ’
747 229 2112 316 CAPUT-fleEsiMUMNONUM.
2307 253 2434 318 545

450 353 555 407 talis
579 351 643 402 est
659 350 791 419 fides,
816 370 920 418 quae
938 370 963 405 a
981 354 1139 404 multis
1158 354 1299 402 hodie
1316 343 1518 417 creditur
1542 351 1631 400 effe
1650 349 1783 408 fides,
1822 351 1871 397 δε
1897 352 1987 400 sola
2014 353 2182 419 abfque
2207 354 2439 405 charitatis

453 420 669 486 operibus
692 419 892 476 salvare3
925 417 1003 468 sed
1028 421 1129 479 haec
1151 421 1284 478 fides,
1309 435 1480 483 nempe
1496 419 1694 482 separata
1710 434 1737 464 -a
1755 417 1989 474 charitate,
2014 419 2063 464 δε
2084 419 2188 466 inde
2208 424 2449 479 contraria,

453 485 684 542 c'haritati,
728 485 1080 548 repraesentatur
1114 487 1161 532 in
1195 483 1482 548 sequentibus
1514 499 1598 547 per
1621 483 1912 546 Reubenem,
1947 485 2070 546 quod
2107 486 2308 548 cubuerit
2331 505 2436 535 cum

451 550 590 601 Bilha
619 551 882 599 concubina
904 551 1046 613 patris
1070 549 1154 606 sui,
1192 549 1322 596 Gen:
1347 565 1506 596 xxxv:
1533 564 1612 604 22,
1639 548 1690 594 δε
1714 564 1853 611 quam
1876 547 2119 596 detestatur
2137 551 2301 610 Jacob,
2330 566 2435 600 tune

455 617 608 672 Israel,
637 617 706 663 his
727 616 879 663 verbis
903 623 938 644 “
963 614 1176 672 Reuben,
1202 614 1543 679 primogenitus
1567 630 1714 670 meus,
1741 626 1790 663 tu
1817 614 1955 661 robur
1980 630 2152 671 meum,
2184 617 2232 662 δε
2259 618 2436 679 princi„-

451 680 582 748 pium
600 680 780 729 virtutis
797 695 932 738 meae,
957 679 1068 728 levis
1087 697 1132 728 es
1151 677 1262 728 ficut
1280 697 1413 745 aqua,
1441 696 1497 727 ne
1516 678 1752 737 excellens,
1777 679 1887 744 quia*
1906 678 2145 727 ascendisti
2170 681 2342 728 cubilia
2359 700 2437 745 pa-

451 747 532 804 tris
549 747 641 805 tui,
659 758 769 794 tunc
792 745 997 809 polluisti
1017 745 1209 795 stratum
1228 762 1405 801 meum,
1431 743 1671 793 ascendit”
1697 745 1827 794 Gen:
1855 761 1995 793 xt.1x:
2019 763 2059 808 3.
2082 763 2137 805 4:
2176 745 2306 809 hujus
2328 748 2434 796 fidei

448 827 622 877 nempe
642 809 844 876 separate
860 816 886 859 a
904 811 1143 870 charitate,
1166 813 1375 870 voluntas
1394 811 1445 859 &
1466 809 1650 859 affectio
1674 811 1903 859 contraria
1921 809 2146 868 charitati,
2168 811 2436 861 deicribitur

449 879 516 928 ibi
538 886 725 944 quoque
750 894 832 942 per
855 875 1186 926 Schimeonem
1209 877 1261 925 &
1282 878 1418 935 Levi,
1444 877 1514 924 his
1537 877 1690 925 verbis
1713 884 1746 907 “
1770 877 2016 924 Schimeon
2043 879 2093 925 &
2113 878 2231 925 Levi
2257 878 2434 934 fratres,

442 960 578 993 mma
599 943 837 992 violentiae
855 944 1084 992 macherae
1101 959 1280 1001 eorum,
1309 944 1357 991 in
1375 955 1593 992 arcanum
1610 959 1769 991 eorum
1789 958 1883 989 non
1905 943 2056 990 veniat
2073 944 2228 990 anima
2246 959 2364 1001 mea,
2391 947 2456 995 in.

440 1006 577 1060 ‘coetu
593 1024 754 1058 eorum
775 1024 832 1056 ne
846 1009 978 1063 uniat
995 1005 1038 1057 se
1055 1009 1205 1073 gloria
1225 1026 1345 1067 mea,
1369 1009 1472 1074 quia
1492 1009 1538 1056 in
1558 1008 1711 1058 furore
1735 1008 1814 1055 suo
1831 1008 2101 1056 occidetunt
2125 1010 2291 1067 virum,
2316 1011 2366 1057 δε
2390 1013 2433 1058 in
2460 1047 2462 1050 v

447 1077 687 1125 voluntate
719 1071 796 1122 sua
823 1089 1103 1123 enervarunt
1136 1077 1303 1124 bovem
1327 1096 1342 1130 ς
1380 1073 1648 1123 maledictus
1672 1074 1796 1122 furor
1820 1090 2000 1132 eorum,
2036 1075 2144 1139 quia
2167 1076 2438 1135 vehemens,

449 1138 506 1190 ac
539 1141 604 1190 ira
634 1155 795 1190 eorum
831 1141 940 1204 quia
974 1141 1140 1204 gravis,
1175 1141 1383 1189 dividam
1419 1156 1498 1188 eos
1535 1141 1581 1188 in
1606 1141 1858 1202 Jacoburn,
1894 1139 1944 1187 &
1977 1141 2243 1204 dispergam
2277 1158 2353 1189 eos
2390 1143 2434 1189 in

452 1204 704 1256 Israelem''
738 1205 876 1253 Gen:
910 1221 1069 1254 xmx:
1103 1226 1147 1270 5.
1173 1207 1220 1255 6.
1249 1223 1312 1270 7,
1348 1206 1475 1271 quod
1515 1206 1568 1254 fit
1602 1206 1715 1254 fides
1755 1205 1955 1270 separata
1990 1224 2017 1253 a
2051 1207 2292 1264 charitate,
2328 1224 2435 1271 quae

514 1289 536 1321 r
561 1272 663 1322 illos
683 1270 971 1330 describitur,
1005 1272 1055 1320 in
1079 1272 1386 1338 sequentibus,
1409 1289 1467 1321 ex
1491 1272 1669 1322 Divina
1692 1271 1892 1320 Domini
1916 1271 2259 1342 Misericordia,
2283 1273 2433 1321 osten—

481 1351 596 1390 emt.
938 1379 941 1381 .

509 1409 665 1469 3871.
695 1402 765 1452 Et
796 1401 934 1451 dedit
968 1401 1086 1452 mihi
1125 1401 1268 1453 etiam
1311 1403 1451 1458 hunc,
1486 1403 1612 1469 quod
1653 1401 1881 1467 fignificet
1920 1404 2228 1461 succeffivnm,
2265 1416 2455 1469 nempe·

445 1467 596 1519 ‘fidem
624 1470 875 1520 obedienta
907 1468 980 1517 seu
1004 1470 1255 1527 voluntate,
1291 1485 1398 1534 quae
1430 1469 1555 1536 quod
1589 1469 1796 1518 succedat
1833 1469 1940 1517 fidei
1974 1469 2158 1518 scientia
2190 1471 2260 1518 seu
2298 1470 2436 1518 intel-

446 1533 590 1594 lectu,
625 1535 755 1602 supra
777 1533 1006 1584 ostensum
1028 1537 1093 1585 est
1114 1556 1130 1590 ς
1164 1537 1254 1584 hoc
1278 1535 1557 1599 fignificatur
1578 1551 1677 1600 per,
1695 1533 1697 1536 ’
1714 1533 1843 1583 dedit
1869 1536 1984 1583 mihi
2007 1536 2148 1583 etiarn
2174 1533 2313 1584 hunc.

521 1606 665 1668 3872.
700 1601 764 1650 Et
784 1601 972 1650 vocavit
995 1617 1167 1651 nomen
1192 1601 1287 1666 ejus
1312 1601 1580 1656 Schimeon,
1614 1600 1741 1667 quod
1774 1599 1997 1664 significet
2018 1601 2151 1665 quale
2175 1599 2289 1664 ejus,
2326 1617 2437 1650 con-

450 1665 539 1716 stat
565 1683 593 1716 a
621 1666 959 1730 significatione
993 1666 1195 1716 nominis
1218 1667 1269 1715 δε
1297 1682 1465 1715 vocare
1499 1683 1692 1723 nornen,
1723 1667 1850 1730 quod
1885 1667 1937 1714 fit
1971 1667 2123 1731 quale,
2158 1667 2216 1713 de
2253 1684 2341 1731 qua
2374 1684 2438 1715 n:

453 1748 564 1794 ¹44·
594 1746 701 1794 ¹45·
732 1745 872 1795 1754.
903 1732 1044 1796 1896.
1066 1747 1210 1799 2009.
1233 1747 1379 1797 2724.
1406 1733 1550 1796 3006.
1577 1748 1700 1794 3421
1727 1753 1743 1787 3
1780 1731 1926 1794 ipsum
1951 1733 2082 1795 quale
2104 1732 2368 1782 continetur
2392 1734 2440 1780 in

448 1796 577 1846 sensu
611 1796 792 1846 interno
826 1798 1093 1854 verborum,
1129 1813 1235 1863 quae
1267 1799 1400 1846 Leah
1433 1798 1550 1846 dixit
1585 1806 1619 1828 “
1656 1795 1859 1845 Audivit
1891 1794 2105 1859 Jehovah
2142 1798 2269 1861 quod
2307 1799 2440 1847 exosa

448 1877 558 1927 ego,
585 1861 645 1910 ⁴&
660 1861 796 1910 dedit
818 1862 935 1910 mihi
957 1862 1098 1910 etiam
1121 1864 1280 1912 hunc”
1315 1864 1404 1912 hoc
1426 1863 1558 1928 quale
1580 1863 1646 1912 est
1667 1863 1792 1927 quod
1817 1863 2096 1926 significatur
2120 1880 2203 1928 per
2227 1865 2440 1913 Schime—

450 1943 610 1985 onem,
646 1938 747 1976 tum
777 1942 862 1991 per
885 1927 1090 1975 Tribum
1111 1930 1170 1977 ab
1203 1927 1285 1976 illo
1319 1927 1646 1984 nominatam;
1680 1927 1837 1994 estque
1873 1928 1921 1975 id
1958 1929 2152 1976 alterurn
2188 1931 2442 1984 universale

447 1989 684 2051 Eoclefiae,
719 1992 794 2040 seu
830 1991 1036 2048 alterurn
1065 2009 1174 2043 cum
1214 1994 1360 2042 homo
1400 2007 1693 2058 regeneratur
1725 1993 1777 2042 ὅτ
1814 1995 1869 2043 fit
1901 1991 2133 2050 Ecclefia3
2169 1995 2231 2042 est
2268 2013 2441 2062 nempe

447 2057 712 2108 obedientia
732 2055 807 2104 seu
829 2057 1036 2106 voluntas
1056 2057 1262 2107 faciendi
1288 2062 1451 2108 verum
1476 2061 1598 2124 quod
1621 2058 1688 2108 est
1710 2059 1837 2118 fidei,
1875 2059 1923 2107 in
1953 2077 2092 2129 quam
2125 2061 2440 2111 obedientiam

448 2125 574 2238 {ein
599 2140 690 2190 qua
711 2123 947 2174 voluntate
975 2123 1283 2190 implantatur
1322 2125 1535 2183 charitas,
1568 2141 1674 2191 quae
1711 2125 1928 2184 succedit,
1965 2124 2016 2173 ὅτ
2044 2125 2325 2190 fignificatur
2359 2144 2443 2193 per

523 2205 587 2239 vi.

522 2259 667 2320 3873.
697 2251 850 2302 Vers:
877 2270 955 2318 34.
992 2255 1059 2303 Et
1081 2258 1270 2320 concepit
1294 2254 1454 2314 adhuc,
1489 2256 1548 2306 ὅ
1578 2257 1751 2319 peperit
1771 2251 1936 2315 filium,
1973 2257 2030 2307 δέ’
2055 2257 2188 2315 dixit,
2223 2274 2337 2305 nunc
2358 2258 2444 2306 hac

450 2322 549 2369 vt'ce
580 2320 822 2368 adhaerebit
857 2324 936 2369 vir
966 2337 1080 2369 meus
1113 2321 1175 2370 ad
1202 2338 1284 2380 me,
1319 2326 1418 2387 quia
1448 2325 1597 2386 peperi
1630 2324 1670 2369 ei
1702 2332 1792 2371 tres
1819 2322 1956 2382 filios,
1985 2333 2224 2384 propterea
2259 2329 2443 2372 vocavit

449 2402 597 2434 nomen
635 2385 725 2448 q'us
756 2384 891 2434 Levi.
961 2386 1119 2445 Conce
1156 2387 1191 2435 it
1230 2388 1380 2447 adhuc
1413 2387 1464 2434 δῑ
1498 2387 1682 2452 peperit
1721 2387 1889 2445 filium,
1926 2387 2165 2451 fignificat,
2205 2402 2256 2436 ut
2296 2390 2441 2454 prius,

451 2449 808 2514 conceptionem
827 2448 882 2498 Bt.
906 2460 1092 2514 partum
1114 2405 1393 2516 sipiritualem
1418 2454 1478 2502 ab
1500 2467 1694 2502 externo
1725 2453 1782 2500 ad
1816 2453 2044 2502 internum
2075 2454 2227 2501 adhuc
2260 2457 2404 2517 magis
2426 2473 2439 2504 ε

455 2515 507 2564 &
529 2514 672 2572 dixit,
703 2531 825 2563 nunc
846 2516 930 2583 hgc
954 2516 1055 2564 vice
1079 2518 1338 2568 adhaerebit
1359 2519 1429 2567 vir
1453 2535 1579 2568 meus
1602 2519 1659 2567 ad
1683 2534 1779 2577 me,
1814 2519 2039 2581 fignificat
2063 2520 2109 2566 in
2133 2519 2259 2568 sensu
2285 2519 2441 2584 supre-

447 2587 536 2634 mo
558 2595 767 2630 amorem
790 2581 840 2628 &
861 2580 1249 2642 misericordiam,
1287 2585 1334 2632 in
1361 2585 1543 2634 interno
1566 2584 1856 2642 charitatem,
1894 2585 1940 2633 in
1963 2597 2154 2633 externo
2176 2585 2441 2650 conjuncti-

452 2662 613 2704 onem,
650 2646 728 2694 hic
750 2662 960 2711 amorem
983 2647 1296 2714 spiritualem:
1331 2650 1437 2715 quia
1461 2651 1621 2716 peperi
1640 2652 1680 2699 ei
1698 2665 1787 2698 tres
1810 2650 1949 2708 filios,
1984 2649 2209 2714 fignificat
2231 2651 2439 2700 succeffi·

450 2724 594 2761 vum:
628 2724 874 2778 propterea
894 2714 1081 2762 vocavit
1103 2731 1273 2764 nomen
1298 2713 1392 2780 ejus
1410 2717 1549 2774 Levi,
1585 2717 1810 2779 fignificat
1833 2717 1966 2780 quale
1987 2716 2098 2781 ejus.

512 2781 663 2843 3874.
698 2779 855 2826 Conce
895 2778 930 2826 it
951 2780 1099 2828 adhuc
1122 2781 1173 2828 &
1197 2783 1379 2848 peperit
1402 2782 1572 2842 filium,
1607 2783 1728 2848 quod
1756 2781 1983 2845 significet
2005 2784 2359 2849 conceptionem
2384 2786 2437 2832 δε

449 2842 829 2909 Ρατωτιιῖρίτίω
874 2860 949 2892 ern
978 2845 1038 2894 ab
1070 2859 1262 2896 externo
1294 2848 1352 2895 ad
1387 2850 1616 2896 internum
1650 2847 1799 2896 adhuc
1834 2849 1999 2912 magis,
2032 2847 2212 2903 ,constat
2245 2848 2307 2897 ab‘
2340 2850 2433 2898 illis

450 2923 557 2973 quae
578 2909 710 2972 supra
734 2925 797 2957 n:
824 2911 968 2973 3860.
993 2914 1140 2976 3868,
1174 2913 1298 2962 dieta
1320 2913 1437 2973 sunt,
1475 2915 1556 2962 ubi
1578 2913 1740 2962 eadem
1764 2915 1916 2962 verba.

453 3038 464 3049 .
520 2975 664 3038 3875.
698 2975 763 3024 Et
782 2975 918 3034 dixit,
951 2993 1074 3026 nunc
1098 2979 1184 3028 hac
1205 2979 1309 3028 vice
1330 2980 1588 3029 adhaerebit
1603 2981 1676 3029 vir
1695 2996 1824 3028 meus
1847 2980 1905 3028 ad
1930 2995 2025 3037 me,
2059 2980 2184 3046 quod
2206 2980 2433 3045 fignificet

449 3055 500 3086 in
532 3039 656 3087 sensu
690 3039 904 3106 supremo
929 3058 1138 3094 amorem
1162 3044 1212 3092 &
1242 3045 1624 3106 misericordiam,
1661 3047 1710 3115 in
1739 3047 1923 3094 interno
1957 3047 2246 3104 charitatem,
2284 3046 2329 3093 in
2353 3061 2429 3092 ex-

448 3115 583 3160 terno
611 3105 1008 3170 conjunffionem‚
1043 3111 1118 3159 hic
1153 3127 1361 3161 amorem
1394 3113 1706 3176 spiritualem,
1729 3110 1904 3160 constat
1924 3127 1951 3158 a
1979 3110 2318 3175 fignificatione
2346 3110 2428 3157 ad-

445 3168 647 3240 haerere3
681 3170 811 3237 quod
831 3171 1068 3225 adhaerere
1086 3176 1133 3245 in
1151 3176 1277 3226 sensu
1300 3190 1487 3290 {terno
1507 3178 1579 3228 seu
1597 3177 1812 3244 proxime
1835 3175 2043 3227 interiori
2065 3177 2118 3227 fit
2140 3175 2427 3290 conjunffio,

1390 3257 1420 3290 z
1453 3258 1484 3290 z
1564 3284 1566 3287 .
2224 3256 2314 3292 con
2353 3257 2431 3290 are
