2904 3750
548 247 682 310 352
989 182 2038 300 ,GENESISQ

543 354 603 400 'sit
639 356 866 404 Divinum
898 355 1074 404 bonum
1097 358 1346 414 Naturalis,
1384 358 1440 405 de
1465 374 1554 422 qua
1589 374 1648 407 n:
1677 375 1819 422 3300.
1850 374 1991 422 3302.
2019 374 2144 422 3322
2172 379 2187 414 ς
2232 358 2282 408 &
2319 359 2428 423 quia
2465 361 2547 410 bo-

551 436 664 467 num
706 423 915 471 naturalis
954 424 1035 481 est,
1071 425 1197 487 quod
1238 426 1283 471 in
1319 425 1554 473 affefitione
1588 427 1637 473 δε
1662 427 1756 472 vita
1788 436 1987 488 apparet,
2029 427 2089 473 ita
2125 424 2189 472 est
2224 425 2401 475 affeetio
2440 426 2549 476 boni

548 489 758 553 naturalis
782 489 855 537 seu
881 490 1054 538 bonum
1080 492 1205 547 vitae‚
1242 492 1366 555 quod
1388 491 1462 539 hic
1486 508 1565 555 per
1585 490 1787 539 Esavum
1811 491 2159 555 repraesentatur.
2215 492 2417 541 Affectio
2443 493 2550 542 boni

547 556 596 600 in
621 555 843 613 Naturali,
882 558 929 605 δι
966 557 1071 604 inde
1102 557 1277 604 bonum
1301 559 1428 614 vitae,
1465 558 1529 606 est
1562 558 1690 621 quod
1714 558 1832 604 filius
1869 556 2012 622 major
2046 559 2246 615 dicitur3
2289 571 2333 606 at
2370 560 2549 608 affee’tio

469 669 471 671 ,
547 622 665 678 veri,
700 622 748 668 &
782 623 888 670 inde
912 623 1116 670 doetrina
1140 626 1251 680 veri,
1290 622 1354 671 est
1376 641 1483 688 quae
1517 624 1638 671 filius
1663 625 1812 672 minor
1833 647 1846 681 ;
1889 625 2015 687 quod
2040 626 2218 673 affectio
2239 625 2346 672 boni
2370 627 2419 673 δε
2445 627 2553 674 inde

547 683 726 735 jbonum
751 691 860 736 vitae
902 689 955 737 sit
992 689 1110 736 filius
1150 689 1312 753 major,
1348 689 1436 738 hoc
1458 690 1538 748 est,
1575 691 1926 754 primogenitu3‚
1961 704 2081 754 patet
2123 690 2352 740 manifeste
2385 708 2443 739 ex
2475 710 2549 751 eo,

553 755 679 816 quod
719 753 905 802 infantes
939 757 1149 803 omniurn
1168 757 1326 819 primo
1359 755 1445 803 sint
1480 757 1526 803 in
1566 757 1705 814 bono,
1743 757 1844 804 sunt
1876 760 1999 818 enim
2035 759 2081 805 in
2113 757 2227 805 statu
2261 761 2550 818 innocentiae,

547 821 690 884 ”inque
730 820 844 868 statu
883 823 1049 868 amoris
1079 837 1185 887 erga
1222 834 1426 886 parentes
1456 824 1506 871 δε
1531 824 1774 881 nutricem,
1809 825 1856 871 &
1893 826 1939 871 in
1965 823 2078 871 statu
2114 825 2336 872 charitatis
2370 837 2546 875 mutuae

547 903 660 949 erga
683 886 871 935 infantes
896 888 1052 944 sociOS,
1090 888 1148 935 fic
1174 901 1224 936 ut
1248 890 1392 936 cuivis
1415 889 1597 936 homini-
1615 888 1790 937 bonum
1827 890 1880 937 fit
1905 892 2266 954 primogenitum
2289 914 2303 947 3
2343 891 2431 939 hoc
2466 892 2548 940 bo-

533 954 685 1010 num,
722 955 766 1000 in
791 955 917 1017 quod
942 955 1003 1001 ita
1031 956 1228 1002 initiatus
1252 955 1314 1002 est
1336 955 1478 1003 horno
1502 972 1611 1003 cum
1636 954 1793 1012 infans,
1830 969 2077 1019 permanet,
2119 973 2223 1005 narn
2248 957 2466 1022 quicquid
2494 960 2551 1007 ab

552 1019 737 1067 infantia
767 1021 1004 1077 imbuitur,
1041 1021 1191 1069 induit
1212 1024 1371 1079 vitam,
1405 1024 1453 1071 &
1488 1021 1593 1086 quia
1615 1036 1863 1086 permanet,
1904 1022 1956 1070 fit
1981 1022 2154 1071 bonum
2178 1025 2325 1079 vitae3
2369 1025 2402 1080 fi
2425 1027 2548 1073 enim

552 1085 694 1133 homo
727 1086 890 1149 absque
922 1087 1000 1134 tali
1041 1087 1180 1144 bono,
1216 1087 1343 1151 quod
1384 1088 1438 1135 ab
1479 1087 1661 1147 infantia
1700 1088 1849 1136 secum
1885 1101 2090 1146 traxerat,
2135 1087 2269 1147 foret,
2306 1106 2398 1137 non
2434 1089 2550 1140 foret

552 1152 711 1209 horno,
748 1153 819 1200 sed
846 1152 962 1201 foret
985 1151 1127 1217 majus
1153 1153 1271 1201 ferus
1308 1169 1448 1216 quam
1481 1154 1628 1216 aliqua
1658 1152 1749 1201 fera
1783 1154 1955 1216 sylvae·,
1995 1170 2088 1202 non
2120 1156 2310 1217 quidem
2348 1170 2548 1220 apparet,

547 1219 678 1281 quod
702 1219 829 1276 adsit,
866 1221 971 1282 quia
993 1235 1130 1267 omne
1154 1220 1198 1267 id
1224 1220 1350 1283 quod
1375 1221 1422 1266 in
1446 1218 1639 1267 infantili
1674 1231 1804 1267 aetate
1840 1218 2079 1277 imbuitur,
2119 1220 2207 1267 hoc
2243 1238 2334 1268 non
2368 1236 2550 1286 apparet

553 1286 678 1333 aliter
701 1302 838 1350 quam
864 1286 976 1333 sicut
1000 1287 1212 1343 naturale,
1255 1299 1306 1334 ut
1341 1285 1439 1334 satis
1472 1298 1594 1350 patet
1627 1286 1684 1333 ab
1714 1285 2034 1344 ambulatione,
2073 1303 2098 1334 a
2130 1286 2311 1351 reliquis
2347 1289 2549 1337 motibus

551 1355 771 1416 corporis,
807 1369 832 1399 a
873 1352 1075 1400 moribus
1108 1354 1155 1400 &
1197 1352 1370 1400 decoris
1402 1354 1550 1400 civilis
1576 1353 1700 1409 vitae,
1735 1365 1837 1400 turn
1862 1368 1920 1400 ex
1945 1352 2141 1416 loquela,
2174 1353 2223 1401 &
2254 1355 2552 1419 expluribus

552 1419 646 1466 aliis
667 1442 680 1474 3
724 1420 828 1466 inde
854 1419 1050 1467 constare
1074 1419 1235 1483 potest,
1276 1420 1402 1483 quod
1428 1420 1601 1467 bonum
1625 1419 1679 1467 fit
1701 1419 1821 1466 filius
1847 1417 2006 1482 major,
2040 1419 2128 1467 hoc
2149 1419 2228 1477 est,
2267 1422 2549 1484 primogeni-

549 1499 640 1542 tus,
675 1486 724 1533 &
765 1486 870 1533 inde
908 1487 1036 1550 quod
1058 1488 1236 1534 Verum
1275 1487 1329 1533 fit
1366 1487 1484 1534 filius
1525 1488 1690 1543 minor,
1726 1485 1797 1534 seu
1836 1486 1989 1550 postea
2011 1488 2208 1551 genitus,
2247 1503 2351 1547 nam
2387 1503 2546 1536 verum

549 1553 734 1600 discitur
768 1569 859 1600 non
890 1553 970 1599 nisi
1003 1570 1141 1617 quam
1186 1554 1230 1600 in
1269 1566 1399 1601 aetate
1424 1554 1600 1616 puerili,
1643 1553 1918 1600 adolescente
1957 1553 2006 1600 δι
2043 1553 2210 1601 adulta.
2252 1554 2549 1618 “Utrumque

548 1633 644 1665 tam
678 1619 850 1667 bonum
875 1635 1013 1682 quam
1037 1635 1220 1676 verum,
1256 1620 1383 1682 quod
1422 1622 1467 1666 in
1492 1619 1697 1667 Naturali
1733 1618 1809 1666 seu
1832 1620 2038 1666 Externo
2060 1619 2262 1675 homine,
2308 1620 2371 1667 est
2413 1621 2548 1677 filius,

549 1702 714 1748 nempe
739 1685 857 1732 filius
882 1685 1129 1732 Rationalis
1157 1684 1230 1730 seu
1253 1685 1422 1731 Interni
1454 1685 1668 1739 hominis,
1707 1700 1813 1731 nam
1843 1684 2065 1746 quicquid
2088 1684 2236 1731 existit
2271 1687 2317 1732 in
2341 1682 2547 1733 Naturali

547 1750 624 1800 seu
649 1752 854 1798 Externo
892 1750 1092 1807 homine,
1133 1750 1220 1796 hoc
1257 1751 1404 1796 influit
1437 1766 1462 1796 a
1484 1749 1713 1802 Rationali
1750 1748 1823 1796 seu
1857 1750 2041 1796 Interno
2075 1749 2279 1808 homine,
2310 1753 2367 1800 1&
2399 1769 2454 1797 ex
2493 1770 2551 1799 eo.

547 1834 734 1881 quoque
757 1816 903 1864 existit
926 1818 975 1864 &
999 1815 1223 1878 nascitur3
1265 1815 1392 1879 quod
1424 1815 1534 1862 inde
1558 1832 1650 1863 non
1674 1815 1821 1862 existit
1845 1816 1894 1863 &
1920 1814 2130 1873 nascitur,
2169 1833 2260 1862 non
2297 1814 2360 1863 t'st
2385 1820 2547 1866 vivum

548 1882 821 1939 humanum,
861 1882 976 1930 foret
1010 1883 1120 1930 ficut
1160 1882 1326 1930 diceres
1349 1882 1588 1946 quoddam
1628 1881 1818 1928 sensuale
1856 1896 2127 1943 corporeum
2163 1881 2326 1944 absque
2367 1886 2548 1945 anima:

548 1951 654 1998 inde
671 1950 750 2007 est,
776 1950 902 2014 quod
927 1961 1020 1996 tam
1036 1950 1217 1996 bonum
1243 1965 1382 2012 quam
1401 1964 1580 2005 verum,
1606 1947 1813 1998 dicantur
1830 1945 1930 2002 filii,
1957 1947 2006 1993 δε
2023 1946 2211 2008 quidem
2238 1947 2317 1993 filii
2331 1949 2546 1997 Rationa-

547 2018 601 2064 lis
621 2039 635 2073 ;
676 2016 747 2063 sed
775 2016 912 2079 usque
934 2032 1026 2063 non
1050 2015 1112 2063 est
1136 2015 1372 2062 Rationale
1394 2014 1520 2077 quod
1546 2013 1758 2078 producit
1780 2013 1830 2062 &
1842 2013 2005 2127 ¹{ignit
2028 2012 2262 2070 Naturale,
2293 2012 2364 2060 sed
2390 2015 2455 2062 est
2477 2018 2552 2079 ine„

547 2085 695 2132 fluxus
736 2099 815 2146 per
850 2082 1085 2131 Rationale
1120 2082 1165 2128 in
1189 2081 1423 2136 Naturale,
1465 2081 1544 2144 qui
1585 2080 1782 2127 influxus
1816 2096 1840 2127 e
1917 2079 2214 2136 assDomino·,
2262 2081 2367 2128 inde
2400 2082 2546 2146 Ipfius

547 2150 630 2196 filii
669 2148 768 2196 sunt
804 2165 962 2197 omnes
985 2146 1179 2198 Infantes
1213 2148 1292 2210 qui
1332 2146 1588 2203 nascuntur,
1626 2147 1676 2194 δε
1709 2146 1813 2194 dein
1847 2161 1955 2193 cum
1981 2145 2195 2209 sapientes
2229 2145 2362 2204 fiunt,
2403 2164 2548 2212 quan—

545 2231 647 2264 tum
683 2217 815 2262 etiam
843 2228 951 2261 tunc
987 2213 1119 2266 simul
1157 2211 1344 2265 infantes
1384 2212 1502 2271 sunt,
1539 2214 1625 2263 hoc
1649 2212 1728 2269 est,
1763 2214 1810 2259 in
1843 2210 2044 2261 infantiae
2081 2212 2351 2273 innocentia,
2395 2216 2440 2262 in
2476 2217 2546 2262 in-

544 2282 699 2331 fantiae
731 2297 882 2328 amore
916 2282 961 2327 in
998 2291 1249 2343 parentem,
1285 2293 1395 2330 tunc
1418 2280 1695 2336 Dominum,
1739 2280 1788 2326 &
1824 2280 1870 2326 in
1905 2276 2106 2332 infantiae
2140 2279 2351 2328 charitate
2385 2292 2547 2329 mutua

542 2365 653 2412 erga
698 2346 887 2395 infantes
928 2346 1087 2404 sociOS,
1141 2358 1250 2395 tunc
1290 2348 1593 2411 proximum3
1656 2357 1834 2398 tantum
1879 2361 1904 2392 a
1937 2346 2146 2395 Domino
2189 2357 2241 2395 ut
2278 2345 2361 2394 filii
2400 2347 2544 2412 adop-

542 2429 707 2464 tantur.
1397 2454 1402 2457 »
2295 2445 2297 2447 -
2532 2440 2535 2441 ⁷

615 2499 757 2546 3495.
796 2482 860 2529 Et
882 2481 999 2528 dixit
1023 2480 1078 2528 ad
1103 2497 1207 2528 eum
1232 2503 1245 2536 3
1283 2479 1349 2527 fili
1371 2479 1454 2538 mi,
1489 2479 1537 2528 ὅτ
1563 2480 1679 2533 dixit
1702 2479 1757 2530 ad
1781 2494 1907 2537 eum,
1929 2495 2031 2527 ecce
2055 2495 2145 2537 me,
2171 2479 2295 2543 quod
2320 2479 2542 2543 significet

544 2565 600 2595 ex
638 2547 830 2611 praeviso
859 2548 908 2595 &
947 2546 1129 2611 proviso
1166 2546 1467 2612 praesentiam,
1503 2547 1678 2602 constat
1709 2562 1765 2596 ex
1788 2543 2111 2609 significatione
2135 2547 2317 2594 vocavit
2347 2562 2454 2594 eum
2492 2547 2543 2594 &

540 2616 662 2661 dixit
697 2615 752 2660 ad
776 2630 901 2669 eum,
942 2614 1008 2659 fili
1047 2615 1130 2669 mi,
1170 2614 1295 2676 quod
1328 2613 1382 2659 fit
1411 2629 1466 2659 ex
1491 2612 1689 2675 praeviso,
1721 2615 1769 2660 &
1794 2611 1991 2676 proviso,
2028 2612 2133 2674 quia
2170 2612 2448 2674 praedicatur
2485 2612 2544 2659 de

543 2682 719 2728 Divino
739 2680 931 2729 Domini
952 2701 966 2734 3
1008 2680 1057 2726 δε
1082 2694 1137 2725 ex
1159 2679 1482 2742 significatione
1503 2679 1623 2726 dixit
1646 2679 1700 2725 ad
1725 2694 1851 2734 eum,
1887 2693 1990 2725 ecce
2014 2693 2103 2733 me,
2127 2677 2255 2739 quod
2278 2676 2543 2742 estrespon-

543 2746 660 2802 sum,
697 2745 823 2807 quod
849 2745 901 2791 sit
923 2744 1170 2807 praesentia.
1458 2790 1461 2792 .

612 2812 752 2875 3496,
789 2810 931 2858 Vers:
955 2828 997 2858 2.
1028 2828 1069 2872 3.
1096 2828 1143 2870 4.
1193 2811 1255 2857 Et
1279 2810 1406 2866 dixit,
1444 2827 1530 2858 ecce
1560 2811 1693 2875 quaeso
1721 2811 1862 2873 senui,
1899 2825 1978 2856 non
2002 2810 2092 2871 scio
2119 2809 2230 2875 ⁵diem
2253 2810 2402 2856 mortis
2423 2826 2535 2857 meae.

541 2880 607 2925 Et
629 2893 736 2923 nunc
759 2876 855 2922 tolle
876 2877 1007 2939 quaeso
1042 2891 1164 2923 arma
1198 2885 1292 2932 tua,
1320 2876 1575 2936 pharetram
1596 2886 1731 2931 tuam,
1766 2875 1821 2924 ὅ
1845 2884 1990 2924 arcum
2014 2885 2150 2930 tuum,
2192 2874 2247 2923 &²
2272 2879 2339 2922 exi
2369 2892 2539 2938 agrum,

540 2943 594 2992 δέ’
630 2958 788 2990 venare
820 2942 926 2988 mihi
963 2944 1241 2997 venationem.
1313 2943 1375 2989 Et
1399 2941 1482 3002 fac
1518 2942 1625 2988 mihi
1663 2941 1859 3002 cupedias
1897 2940 2232 3004 quemadmodum
2271 2945 2438 2999 amavi,
2484 2943 2541 2994 &

538 3009 677 3057 adduc
698 3008 833 3065 mihi,
853 3007 908 3056 69³
932 3006 1068 3062 edam,
1097 3016 1324 3068 propterea
1358 3019 1407 3053 ut
1428 3007 1642 3055 benedicat
1676 3008 1759 3057 tibi
1775 3058 1778 3061 ,
1794 3009 1936 3054 anima
1959 3023 2066 3063 mea,
2100 3011 2326 3071 antequam
2363 3011 2536 3056 morior.

541 3076 690 3132 Dixit,
727 3090 829 3121 ecce
853 3073 1006 3136 quaeso
1030 3073 1168 3129 senui,
1205 3073 1424 3136 fignificat
1446 3074 1570 3136 quod
1605 3073 1743 3121 status
1774 3073 1934 3120 adeffet
1951 3092 1973 3121 ε.
1998 3090 2090 3121 non
2116 3072 2206 3120 scio
2230 3074 2353 3122 diem
2372 3077 2542 3129 ,mortis

541 3158 673 3198 meae,
710 3140 931 3203 fignificat
954 3141 1098 3186 vitam
1130 3141 1175 3186 in
1199 3139 1413 3187 naturali:
1460 3140 1524 3188 Et
1546 3157 1668 3188 nunc
1691 3139 1799 3187 tolle
1823 3139 1987 3203 quaeso
2001 3156 2124 3187 arma
2155 3152 2248 3198 tua,
2283 3141 2538 3204 pharetram

540 3220 684 3266 tuam,
720 3209 770 3257 δε
793 3222 947 3256 arcum
972 3218 1124 3266 tuum,
1161 3203 1382 3273 fignificat
1415 3206 1676 3260 doetrinalia
1700 3206 1807 3257 boni
1832 3222 1937 3272 quae
1958 3209 2026 3259 ei:
2065 3207 2115 3258 &
2137 3209 2211 3257 exi
2234 3207 2540 3321 agrungig-

1348 3307 1352 3309 »
1540 3308 1543 3311 -
1613 3284 1617 3290 “
1706 3279 1708 3282 ’
2387 3289 2434 3321 m
2469 3284 2541 3323 cat
