2904 3750
654 166 1007 259 cApu‘T
1053 157 1667 266 vasmuM
1715 147 2119 258 NosmM.
2235 282 2239 286 ⁴
2295 217 2450 284 ,499

447 321 563 388 quia
579 317 698 371 solus
714 322 862 372 homo
884 337 976 372 non
999 322 1047 371 in
1062 321 1270 381 ordinem
1289 321 1520 371 Divinum
1538 318 1750 376 nascitur,
1765 317 1830 366 est
1844 320 2032 382 quidem
2049 320 2223 370 bonum
2237 321 2451 375 innocen-

451 392 531 438 tiae
547 390 598 438 ὅτ
616 389 862 448 charitatiS,
899 390 1030 454 quod
1058 390 1106 437 in
1128 389 1280 454 prima
1302 387 1486 436 infantia
1506 386 1658 434 influit
1672 401 1699 434 a
1712 385 1940 443 Domine,
1963 385 2038 434 sed
2062 403 2152 435 non
2174 388 2237 436 est
2264 391 2451 455 aliquod

447 472 630 515 verum,
665 457 742 505 cui
765 456 942 505 bonum
959 456 1070 503 illud
1086 454 1327 519 copuletur
1344 475 1359 509 3
1383 455 1428 501 in
1449 464 1584 501 aetate
1600 451 1923 516 progrediente
1939 451 2025 500 hoc
2043 452 2236 512 bonum,
2259 459 2385 520 quod
2404 461 2451 508 in

447 523 633 572 infantia
656 521 932 573 infirmatum
954 521 997 568 ei
1011 519 1079 568 est
1099 536 1126 567 a
1148 521 1375 576 Domino,
1413 517 1566 582 versus
1588 519 1801 567 interiora
1822 517 2079 576 intrabitur,
2115 519 2165 566 δε
2186 522 2247 568 ibi
2272 535 2451 573 tenetur

445 604 473 636 a
494 590 719 644 Domino,
754 599 807 635 ut
829 601 911 651 per
932 586 981 633 id
1017 597 1330 650 temperentur
1353 584 1492 634 status
1517 586 1628 633 vitae
1661 601 1778 649 quos
1811 583 1966 649 postea
1994 585 2180 641 induit;
2227 588 2328 636 inde
2365 589 2447 648 est,

446 655 577 718 quod
599 654 744 701 homo
765 651 934 717 absque
967 651 1093 701 bono
1115 651 1316 700 infantiae
1335 653 1428 700 suae
1449 667 1501 700 ac
1526 653 1692 716 primae
1724 652 1934 715 pueritiae
1955 651 2087 699 omni
2126 650 2222 700 fero
2266 656 2449 704 animali

443 718 576 786 pejor
593 721 644 768 δε
676 720 826 784 magis
858 717 979 766 ferus
1002 717 1151 774 foret3
1184 734 1294 767 cum
1318 719 1495 768 bonum
1519 719 1567 766 id
1590 719 1792 766 iniantiae
1815 717 2069 774 intrabitur,
2106 728 2218 765 tunc
2242 720 2289 766 in
2314 735 2445 769 natu-

444 787 536 834 rale
553 786 754 834 hominis
772 785 971 834 succedit
995 786 1046 834 &
1069 786 1206 834 intrat
1222 785 1418 843 malum,
1452 785 1527 834 cui
1550 783 1593 832 se
1614 785 1800 849 copulat
1818 782 2000 841 falsum,
2037 785 2087 839 ὅτ
2107 784 2161 831 fit
2184 783 2445 848 conjunctio

443 854 497 901 δε
521 853 648 917 quali
671 850 943 916 conjugium
975 851 1155 900 mali&
1179 851 1278 900 falfi
1306 852 1430 918 apud
1451 867 1561 900 eum
1585 862 1638 899 ut
1662 853 1813 911 itaque
1834 849 2032 899 salvetur
2056 850 2216 907 homo,
2256 867 2444 916 regene-

442 920 611 968 randus
633 916 715 977 est,
749 920 800 968 &
833 919 1173 968 removendum
1201 918 1398 978 malum,
1431 933 1484 966 ac
1507 916 1830 966 insinuandum
1864 915 2044 965 bonum
2068 933 2094 965 a
2126 917 2356 976 Domino,
2391 920 2443 967 ὃῑ

442 985 691 1035 secundum
724 985 900 1035 bonum
926 986 1056 1050 quod
1079 987 1259 1050 recipit,
1295 983 1542 1033 insinuatur
1556 984 1598 1032 ei
1621 999 1802 1041 verum,
1836 995 1889 1030 ut
1912 984 1992 1031 fiat
2021 983 2132 1032 boni
2167 983 2219 1032 ὅτ
2242 987 2339 1032 veri
2361 1001 2442 1034 co-

440 1052 636 1118 pulatio,
672 1053 747 1101 seu
775 1049 1242 1116 quasi‘conjugium:
1276 1051 1377 1100 haec
1415 1050 1518 1099 sunt
1538 1065 1648 1114 quae
1670 1047 2043 1116 repraesentantur
2077 1067 2163 1114 per
2184 1051 2438 1112 Jacobum‚

443 1117 496 1167 δι’
521 1135 603 1184 per
641 1118 766 1166 binas
789 1117 885 1182 ejus
906 1134 1090 1174 uxores,
1125 1135 1294 1184 nempe
1311 1118 1562 1166 Rachelem
1586 1117 1638 1165 δε
1657 1118 1804 1166 Leam
1822 1137 1840 1172 3
1872 1116 2075 1177 Jacobus
2098 1116 2205 1165 ideo
2228 1133 2348 1166 nunc
2371 1120 2441 1166 in-

438 1185 543 1233 duit
572 1184 1014 1250 repraesentationem
1040 1183 1150 1234 boni
1185 1184 1416 1242 naturalis,
1452 1185 1503 1232 &
1528 1183 1704 1232 Rachel
1738 1181 2183 1249 repraesentationem
2209 1185 2304 1231 veri
2326 1205 2339 1238 ·,
2364 1182 2441 1233 sed

442 1252 552 1315 quia
574 1252 725 1299 omnis
747 1249 1012 1314 conjunctio
1034 1252 1131 1299 veri
1152 1267 1267 1300 cum
1290 1251 1413 1300 bono
1434 1250 1489 1298 fit
1511 1267 1595 1315 per
1616 1249 1925 1307 affectionem,
1961 1249 2025 1297 est
2042 1248 2224 1298 affeEtio
2242 1251 2340 1298 veri
2358 1266 2438 1299 co-

441 1317 631 1382 pulandi
672 1317 796 1367 bono
824 1332 966 1381 quam
990 1317 1170 1366 Rachel
1212 1317 1533 1382 repraesentat3
1567 1329 1788 1381 praeterea
1821 1318 1866 1364 in
1889 1315 2101 1364 Naturali
2123 1315 2238 1364 ficut
2268 1317 2314 1363 in
2339 1317 2438 1365 Ra-

441 1384 612 1440 tionali‚
650 1384 786 1431 datur
806 1384 990 1431 interius
1013 1384 1065 1433 &
1087 1383 1303 1442 exterius,
1339 1384 1511 1432 Rachel
1534 1382 1823 1448 repraesentat
1855 1381 2141 1431 affectionem
2164 1384 2263 1430 veri
2285 1384 2438 1431 interi-

438 1451 548 1506 oris,
584 1449 784 1511 &Leah
807 1449 1095 1499 affectionem
1115 1452 1211 1498 veri
1232 1451 1482 1498 exterioris.·
1532 1449 1726 1508 >¹Laban,
1760 1451 1842 1512 qui
1881 1462 2008 1513 pater
2030 1448 2229 1506 illarum,
2266 1464 2436 1514 reprae-

438 1515 583 1564 sentat
613 1517 789 1564 bonum
812 1519 1073 1564 communis
1090 1515 1256 1582 stirpis,
1292 1515 1367 1564 sed
1389 1516 1658 1573 collaterale,
1693 1528 1747 1563 ut
1768 1515 1967 1572 dietum,
2004 1514 2136 1579 quod
2168 1515 2344 1562 bonum
2371 1515 2436 1564 est

438 1582 488 1629 id
520 1586 649 1647 quod
673 1583 718 1630 in
742 1582 987 1630 collaterali
1026 1584 1143 1630 linea
1173 1582 1492 1646 correspondet
1514 1598 1627 1631 vero
1650 1582 1918 1638 Rationalis,
1953 1581 2084 1644 quod
2113 1580 2178 1628 est
2206 1581 2436 1639 Rebecca,

435 1664 494 1695 n:
524 1665 668 1710 3012.
701 1665 790 1711 301
803 1665 846 1710 3.
875 1663 1022 1713 3077,
1058 1648 1165 1698 inde
1181 1648 1291 1695 filiae
1307 1663 1364 1695 ex
1386 1648 1465 1696 illo
1482 1649 1607 1695 bono
1629 1646 1949 1711 repraesentant
1965 1646 2223 1694 affectiones
2240 1648 2284 1693 in
2303 1659 2435 1695 natu·

433 1713 532 1770 rali,
556 1729 663 1762 nam
689 1714 761 1761 hae
782 1712 883 1761 sunt
906 1727 958 1761 ut
974 1714 1083 1761 filiae
1106 1729 1132 1761 a
1154 1713 1277 1761 bono
1299 1713 1379 1760 illo
1401 1725 1455 1761 ut
1476 1724 1716 1778 ex-patre3
1754 1713 1805 1760 δι
1830 1714 1938 1776 quia
1959 1710 2216 1760 affeffiones
2242 1712 2331 1760 illae
2354 1728 2434 1761 co·

437 1780 657 1844 pulandae
673 1778 776 1828 sunt
792 1779 918 1828 bono
934 1779 1142 1836 naturali,
1158 1779 1262 1828 ideo
1278 1779 1595 1844 repraesentant
1616 1777 1877 1828 affeffiones
1898 1779 2013 1836 veri,
2032 1794 2123 1826 una
2145 1778 2436 1828 affeffionem

435 1848 536 1893 veri
559 1847 799 1902 interioris,
836 1845 974 1894 altera
989 1845 1281 1894 affectionem
1300 1847 1398 1894 veri
1421 1846 1666 1894 exterioris.
1738 1846 1863 1893 Cum
1888 1845 2223 1908 regeneratione
2239 1844 2436 1894 hominis

437 1911 592 1975 quoad
615 1908 711 1972 eius
728 1911 940 1968 naturale,
978 1911 1158 1976 prorsus
1174 1912 1375 1960 similiter
1398 1911 1441 1960 se
1465 1913 1616 1969 habet,
1650 1928 1703 1959 ac
1740 1927 1850 1960 cum
1875 1910 2068 1972 Jacobo,
2105 1912 2155 1959 δε
2182 1927 2289 1958 cum
2317 1911 2432 1960 binis

435 1977 636 2026 Labanis
654 1976 831 2024 filiabus
846 1977 1043 2024 Rachele
1066 1978 1118 2025 δι
1142 1977 1270 2025 Leah
1290 1999 1305 2032 3
1339 1980 1423 2042 qui
1451 1980 1604 2043 itaque
1626 1977 1837 2026 Verbum
1872 1978 1945 2025 hic
1969 1977 2222 2025 secundum
2256 1977 2434 2026 sensum

379 2091 382 2096 ,
434 2045 530 2106 eJus
551 2044 781 2091 internum
798 2043 952 2091 videre
969 2044 1019 2091 &
1035 2059 1195 2108 capere
1211 2043 1376 2108 potest,
1395 2045 1431 2091 is
1453 2060 1666 2092 arcanum
1690 2044 1777 2092 hoc
1801 2044 1929 2092 videt
1951 2043 2031 2092 fibi
2056 2044 2286 2091 deteftum
2304 2063 2320 2097 3
2356 2042 2433 2091 sed

435 2109 525 2158 hoc
549 2109 699 2157 nullus
719 2109 834 2157 aliu's
855 2110 1010 2158 videre
1034 2109 1200 2175 potest,
1237 2125 1378 2174 quam
1403 2111 1486 2174 qui
1520 2112 1564 2157 in
1588 2110 1713 2158 bono
1745 2111 1796 2158 ὅτ
1817 2127 1929 2158 vero
1952 2110 2016 2158 est
2038 2133 2052 2165 3
2098 2109 2174 2158 alii
2198 2122 2434 2174 utcunque

433 2177 776 2242 perceptionem
801 2191 952 2224 rerum
977 2177 1023 2223 in
1046 2176 1130 2223 illis
1150 2190 1258 2239 quae
1282 2177 1393 2224 vitae
1412 2175 1598 2224 moralis
1621 2175 1671 2224 &
1695 2176 1843 2223 civilis
1867 2175 1982 2234 sunt,
2007 2175 2189 2234 habent,
2210 2177 2260 2223 δε
2286 2193 2431 2241 appa·

433 2255 533 2290 rent
550 2242 664 2290 ficut
682 2241 1001 2306 intelligentes,
1022 2242 1134 2289 nibil
1150 2241 1236 2290 tale
1253 2240 1393 2306 usque
1414 2243 1473 2290 ad
1488 2243 1764 2305 agnitionem
1782 2242 1936 2290 videre
1953 2241 2154 2306 poffunt,
2192 2259 2283 2291 non
2307 2245 2431 2290 enirn

434 2307 583 2356 sciunt
604 2309 719 2371 quid
743 2308 916 2356 bonum
942 2308 991 2354 &
1014 2323 1197 2365 verum,
1217 2308 1394 2357 malurn
1410 2310 1530 2356 enim
1555 2320 1720 2373 putant
1744 2308 1937 2364 bonum,
1975 2308 2025 2355 &
2051 2306 2218 2355 falsum
2245 2323 2427 2365 verum,

380 2410 384 2415 .
435 2385 716 2438 quapropter
738 2374 863 2422 illico
885 2390 994 2422 cum
1014 2374 1189 2422 bonum
1207 2375 1392 2432 dicitur,
1420 2376 1522 2422 idea
1535 2375 1646 2422 mali
1663 2373 1845 2432 sistitur,
1863 2375 1913 2422 δι
1931 2389 2040 2421 cum
2055 2389 2216 2421 verum
2241 2374 2426 2431 dicitur,

435 2439 537 2487 idea
553 2438 678 2495 falsv,
713 2439 819 2487 inde
834 2440 917 2496 est,
937 2441 1064 2503 quod
1085 2440 1198 2488 nihil
1217 2442 1466 2505 percipiant
1489 2442 1546 2488 de
1562 2441 1650 2498 his,
1669 2456 1775 2504 quae
1798 2442 1844 2488 in
1867 2438 1989 2487 sensu
2005 2441 2180 2487 interno
2199 2441 2430 2488 continen-

434 2517 525 2562 tur,
562 2504 636 2552 sed
662 2505 719 2553 ad
744 2507 944 2569 primam
969 2506 1247 2554 auditionem
1268 2507 1530 2554 oboriantur
1551 2508 1767 2563 tenebrae,
1803 2522 1911 2570 quae
1935 2506 2086 2553 lucem
2111 2507 2401 2569 extinguunt.

503 2586 648 2637 3794.
685 2571 784 2632 Qi
803 2574 918 2636 patri
942 2570 1055 2636 ejus,
1090 2574 1218 2635 quod
1243 2573 1465 2636 significet
1484 2589 1541 2621 ex
1562 2574 1684 2622 bono
1702 2573 1856 2637 quoad
1891 2573 2137 2636 originem,
2174 2571 2347 2619 constat
2370 2587 2427 2620 ex

433 2637 824 2702 repraesentatione
839 2639 1039 2686 Labanis
1061 2640 1143 2702 qui
1175 2639 1249 2686 hic
1272 2651 1414 2703 pater,
1448 2640 1576 2703 quod
1602 2641 1655 2687 fit
1679 2641 1854 2687 bonum
1879 2639 2140 2686 communis
2165 2636 2313 2703 stirpis
2329 2638 2425 2686 col-

431 2703 628 2760 laterale,
664 2704 722 2751 de
744 2721 836 2768 qua
867 2722 927 2753 n:
968 2708 1112 2767 3612.
1142 2706 1286 2769 3665.
1321 2710 1488 2770 37883
1536 2707 1586 2754 &
1611 2721 1799 2771 quoque
1834 2721 1890 2753 ex
1914 2704 2240 2768 significatione
2262 2706 2426 2769 patris,

350 2816 353 2819 .
432 2770 561 2834 quod
580 2770 635 2818 sit
653 2771 848 2828 bonum,
882 2773 941 2819 de
964 2787 1055 2835 qua
1070 2788 1130 2818 n:
1169 2787 1309 2837 3703.

504 2852 649 2901 3795.
685 2837 813 2902 Qia
830 2837 982 2902 pastor
1004 2838 1106 2894 illa,
1132 2836 1206 2885 seu
1230 2836 1412 2902 pascens
1435 2838 1528 2896 illa,
1564 2837 1692 2902 quod
1716 2837 1937 2902 significet
1960 2837 2091 2902 quod
2129 2835 2312 2884 affeffio
2330 2834 2426 2882 veri

434 2901 673 2976 interioris,
709 2905 836 2966 quod
859 2906 910 2952 in
931 2904 1089 2952 Verbo
1112 2904 1288 2962 doceat,
1324 2905 1498 2953 constat
1520 2921 1578 2953 ex
1594 2905 1915 2968 significatione
1941 2905 2129 2969 pastoris
2145 2902 2223 2965 seu
2244 2900 2428 2967 pascen-

434 2978 511 3023 tis,
536 2969 675 3043 ‘quod
710 2969 764 3017 sit
778 2971 869 3045 ‘qui
883 2970 1078 3019 ducit&
1104 2971 1260 3030 docet,
1295 2972 1353 3019 de
1375 2988 1468 3036 qua
1486 2989 1544 3020 n:
1583 2988 1674 3035 343
1700 2993 1714 3026 3
1749 2972 1800 3020 ὅτ
1824 2989 1882 3020 ex
1920 2970 2308 3035 repraesentatione
2333 2968 2426 3013 Ra·

434 3033 589 3090 chelis,
621 3049 729 3097 quae
746 3035 819 3083 hic
841 3037 904 3083 est
922 3037 1012 3093 illa,
1047 3037 1175 3100 quod
1198 3038 1253 3085 fit
1275 3037 1458 3086 affectio
1480 3040 1578 3086 veri
1600 3038 1839 3095 interioris,
1866 3039 1923 3086 de
1946 3054 2038 3101 qua
2061 3052 2172 3085 mox
2195 3034 2342 3098 supra,
2368 3048 2395 3078 ὓ
2416 3047 2430 3078 2

432 3114 566 3211 Ἰ3Ι79ἕ
586 3121 601 3154 3
634 3101 761 3176 quod
785 3117 842 3148 ex
863 3101 1036 3167 Verbo,
1070 3103 1134 3150 est
1155 3105 1266 3168 quia
1287 3105 1344 3152 ad
1369 3117 1563 3169 puteum
1588 3121 1698 3179 curn
1731 3105 2006 3181 grege-ivit,-
2039 3115 2202 3178 pnuteus
2226 3096 2430 3210 quoddfit

434 3180 529 3288 cei}
559 3166 2430 3348 3513135551202f¹f¹es1³3n⁶e⁵ss055255}ss{2553}¹⁰&V52h552‘120‘232ffl²433&

1426 3316 1448 3346 r
1465 3316 1487 3347 r
1524 3318 1550 3350 2
2279 3313 2338 3362 pa
2378 3310 2430 3344 or
