2904 3750
462 182 588 271 508
958 179 1984 256 GENESIS'.r

452 306 528 354 seu
545 307 664 354 Caro
683 303 734 355 fit
754 307 983 356 Divinum
1010 309 1211 369 Bonum,
1248 313 1299 360 ὅτ
1325 311 1502 376 sanguis
1522 312 1751 362 Divinum
1777 331 1957 376 verum,
1980 310 2190 370 videatur
2211 331 2265 372 n:
2290 315 2430 391 ¹79⁸·
2446 346 2458 351 ·

456 374 597 433 2165.
626 390 768 439 2177.
787 376 928 436 3464.
960 391 1118 440 3735³
1143 378 1192 425 &
1210 379 1318 441 quia
1341 380 1468 442 panis
1491 379 1542 427 &
1559 380 1716 428 vinum
1740 382 1862 432 idem
1889 384 2144 448 fignificant
2166 403 2274 436 cum
2300 406 2434 438 carne

454 439 505 485 &
520 439 742 501 sanguine,
761 441 886 503 panis
909 457 1074 505 nempe
1084 443 1310 491 Divinum
1326 444 1507 492 Bonum
1524 445 1736 504 Domini,
1756 449 1807 496 &
1823 449 1997 499 Vinum
2013 452 2239 502 Divinum
2257 455 2435 510 Verum

450 504 612 568 Ipsius,
647 505 750 552 ideo
784 506 881 552 haec
902 506 1006 554 loco
1028 507 1212 556 illorum
1237 510 1448 558 mandata
1471 510 1602 560 sunt:
1639 512 1744 563 inde
1777 514 1872 572 est,
1898 518 2026 581 quod
2050 518 2279 568 Dominus
2303 523 2431 578 dicit,

451 570 562 633 Ego
585 570 683 618 sum
703 571 832 619 Panis
867 573 1044 629 vivens,
1081 575 1214 623 Panis
1236 591 1376 640 quem
1398 590 1489 641 ego
1511 577 1650 635 dabo,
1685 579 1804 628 Caro
1827 597 1928 630 mea
1967 583 2047 641 est,
2081 587 2162 649 qui
2188 587 2435 635 manducat

451 653 602 684 meam
628 637 842 694 Carnem,
877 638 926 686 δε
947 638 1059 687 bibit
1083 656 1242 688 meum
1263 641 1541 705 sanguinem,
1577 645 1622 691 in
1646 644 1733 693 Me
1756 660 1908 696 manet
1937 649 1988 697 &
2014 650 2123 715 Ego
2145 653 2191 699 in
2229 652 2326 710 illo,
2361 654 2436 701 hic

450 701 514 748 est
539 703 668 749 Panis
690 706 769 766 qui
802 720 826 751 e
850 705 974 752 coelo
1006 705 1267 763 descendit·,
1302 708 1542 756 comedere
1576 710 1706 772 quod
1731 711 1784 761 fit
1805 718 2153 774 communicari,
2190 716 2430 783 conjungi,

451 767 815 833 &appropriari‚
852 771 1126 820 videaturn:
1155 777 1298 839 2187.
1325 788 1472 838 2343.
1502 775 1644 837 3168.
1673 792 1821 841 3513.
1847 777 1879 827 f.
1918 783 2079 846 3596:
2116 782 2238 831 idem
2264 800 2434 849 reprae-

450 831 702 882 sentabatur
745 836 788 882 in
813 836 1011 885 Ecclesia
1049 839 1256 900 Judaica,
1293 855 1373 903 qer
1405 842 1534 903 quod
1572 857 1751 889 carnem
1788 842 2109 894 sacrificiorum
2141 851 2436 898 comederent

449 899 658 957 Aharon,
695 901 773 948 filii
796 899 908 965 ejus,
935 904 984 951 &
1010 905 1092 969 ipfi
1115 906 1195 970 qui
1215 904 1541 964 sacrificabant,
1576 923 1627 954 ac
1644 907 1718 955 alii
1742 910 1824 974 qui
1847 912 2009 959 mundi
2052 926 2194 971 erant,
2234 915 2285 962 ὅτ
2302 917 2430 980 quod

448 965 534 1012 hoc
558 966 755 1014 sancium
781 968 900 1024 esset,
925 970 1134 1019 videatur
1150 971 1419 1020 Exod.xn:
1457 989 1499 1038 7.
1528 977 1571 1022 8.
1598 990 1641 1037 9.
1677 973 1791 1040 Cap.
1815 991 1953 1030 xxm:
1983 994 2045 1042 30
2070 979 2127 1026 ad
2147 996 2222 1043 34.
2258 980 2399 1029 Levit
2417 1000 2432 1028 2

448 1046 644 1095 V11215
666 1033 754 1080 ad2
776 1051 813 1082 ι.
850 1035 979 1100 Cap:
1005 1053 1136 1085 vm:
1166 1055 1241 1102 31.
1274 1038 1429 1086 Deut:
1455 1055 1564 1098 ΧΗ,
1592 1054 1669 1104 27.
1705 1040 1979 1106 Cap2xv1:
2005 1063 2064 1105 43
2113 1061 2252 1109 quare
2283 1046 2318 1094 fi
2342 1048 2429 1094 im-

448 1098 646 1145 mundus
669 1101 928 1149 comederet
951 1103 1009 1150 de
1032 1119 1161 1151 carne
1185 1103 1277 1161 illa,
1296 1103 1627 1154 exscinderetur
1649 1121 1674 1154 e
1686 1107 1872 1172 populis
1895 1107 2000 1166 suis,
2026 1111 2191 1159 Levit:
2212 1127 2288 1159 vu
2306 1130 2317 1160 :
2336 1130 2392 1162 21
2413 1135 2428 1170 ·,

447 1163 574 1226 quod
599 1164 695 1212 haec
718 1166 838 1213 dicia
860 1166 945 1215 fint
963 1170 1106 1233 panis,
1142 1170 1352 1218 videatur
1375 1187 1405 1218 n
1426 1188 1437 1218 :
1479 1187 1503 1218 2
1518 1172 1573 1219 16
1579 1191 1605 1235 5
1627 1193 1642 1228 ;
1678 1173 1805 1236 quod
1828 1174 1950 1223 Caro
1974 1175 2050 1223 illa
2085 1176 2204 1225 Caro
2229 1176 2429 1227 sanctita-

448 1229 505 1276 tis
529 1243 691 1278 vocata
729 1231 798 1289 fit,
835 1234 1018 1294 Jerem:
1043 1251 1126 1284 xl:
1171 1254 1243 1300 15.
1279 1236 1423 1301 Hag:
1475 1254 1650 1295 11:12,
1701 1240 1750 1287 &
1777 1240 1896 1288 Caro
1937 1243 2134 1290 muneris
2169 1258 2276 1307 quae
2300 1243 2430 1309 super

447 1295 609 1343 menfis
632 1297 677 1343 in
702 1298 865 1362 Regno
887 1300 1096 1362 Domini,
1132 1301 1290 1350 Ezech
1311 1320 1322 1351 τ
1344 1318 1405 1350 XL
1430 1321 1440 1351 :
1464 1320 1548 1366 43,
1584 1304 1663 1353 ubi
1687 1305 1746 1352 de
1769 1305 1914 1354 Novo
1938 1308 2143 1373 Templo
2164 1329 2178 1363 ;
2197 1325 2276 1374 per
2298 1310 2428 1374 quod

448 1361 597 1409 cultus
617 1362 809 1411 Domini
833 1366 878 1413 in
916 1366 1083 1431 Regno
1106 1367 1251 1432 Ipsius
1275 1369 1512 1433 significari
1547 1370 1733 1419 constat.
1818 1373 1963 1432 Quod
2004 1375 2126 1423 Caro
2147 1375 2193 1422 in
2217 1373 2338 1424 sensu
2362 1393 2429 1424 re-

446 1425 649 1490 spective
667 1429 721 1477 fit
743 1433 982 1496 proprium
1009 1433 1318 1482 voluntarium
1342 1437 1724 1500 apud·hominem
1743 1453 1768 1485 a
1787 1438 1964 1487 Divino
1987 1439 2118 1489 Bono
2135 1441 2329 1489 Domini
2356 1444 2427 1490 vi-

444 1493 702 1551 vificatum,
735 1497 907 1546 constat
929 1514 1116 1563 quoque
1146 1500 1204 1548 ab
1227 1501 1296 1549 his
1326 1501 1435 1550 locis
1459 1523 1474 1558 3
1507 1503 1629 1567 apud
1654 1503 1948 1552 Ezechielem
1986 1513 2018 1535 “
2042 1507 2181 1555 Dabo
2203 1507 2288 1558 illis
2329 1508 2426 1557 Cor

444 1574 586 1607 unum
608 1581 623 1613 3
658 1561 707 1609 &
731 1561 939 1626 spiritum
965 1581 1139 1613 novum
1165 1567 1287 1614 dabo
1319 1569 1362 1614 in
1389 1569 1542 1616 medio
1565 1569 1717 1627 vestri,
1751 1571 1798 1617 &
1826 1572 2075 1620 removebo
2098 1588 2176 1621 cor
2216 1574 2380 1638 lapidis
2403 1591 2433 1623 e

445 1640 569 1672 carne
593 1642 748 1684 eorum,
785 1629 834 1676 &
859 1630 979 1677 dabo
1003 1631 1086 1678 illis
1107 1648 1180 1679 cor
1200 1634 1390 1680 carnis”
1416 1649 1467 1680 xr
1489 1651 1499 1681 :
1531 1650 1587 1698 19
1624 1635 1750 1698 Cap:
1775 1651 1922 1684 xxxvr
1947 1655 1957 1684 :
1986 1640 2065 1694 26,
2102 1654 2182 1685 cor
2213 1639 2377 1702 lapidis
2399 1656 2428 1686 e

445 1702 575 1737 carne
619 1707 795 1748 eorum,
827 1710 914 1759 pro
936 1696 1196 1744 voluntario
1220 1698 1270 1745 &
1290 1700 1478 1762 proprio
1500 1714 1591 1745 non
1614 1700 1865 1756 vivificato,
1889 1717 1966 1748 cor
1987 1704 2130 1750 carnis
2154 1720 2240 1767 pro
2257 1705 2421 1751 volun-

446 1756 559 1803 tario
580 1755 629 1803 ὅτ
647 1760 836 1822 proprio
852 1760 1105 1818 vivificato,
1119 1763 1245 1826 quod
1266 1779 1345 1810 cor
1361 1763 1414 1810 fit
1431 1763 1843 1827 repraesentativum
1863 1765 1969 1813 boni
1988 1768 2244 1826 voluntarii,
2267 1769 2424 1818 videa·

443 1830 518 1867 tur
540 1837 598 1869 n:
627 1837 769 1888 2930.
793 1834 934 1889 3313.
963 1828 1105 1891 3635.
1164 1828 1307 1893 Apud
1329 1829 1558 1877 Davidem
1613 1837 1647 1860 “
1671 1832 1813 1886 Deus,
1849 1832 1975 1880 Deus
2009 1849 2137 1881 meus
2160 1836 2256 1890 Tu,
2291 1851 2430 1884 mane

445 1902 603 1949 quaero
617 1889 706 1945 Te,
721 1888 810 1937 sitit
825 1893 973 1939 anima
988 1894 1222 1951 meaTibi,
1238 1895 1456 1942 desiderat
1469 1897 1540 1943 Te
1559 1911 1658 1943 caro
1675 1913 1765 1944 mea
1783 1899 1827 1944 in
1845 1909 1962 1944 terra
1975 1899 2208 1956 Sit-citatis,
2226 1901 2276 1947 &
2293 1900 2426 1949 lassus

445 1952 531 1999 sine
550 1954 722 2016 aquis'’
761 1955 934 2005 Psalm:
956 1974 1114 2007 Lxm:
1138 1977 1181 2009 2.
1208 1961 1356 2025 Apud
1372 1961 1581 2008 Eundem
1621 1968 1654 1990 “
1669 1962 1904 2010 Desiderat
1919 1964 2069 2011 anima
2083 1981 2182 2012 mea
2194 1981 2300 2029 erga
2316 1968 2427 2015 atria

439 2017 650 2078 Jebovae,
671 2020 771 2068 Cor
795 2038 950 2071 meum
967 2025 1138 2072 &Caro
1160 2042 1250 2074 mea
1265 2024 1463 2090 jubilant
1483 2042 1591 2089 erga
1602 2028 1758 2075 Deum
1776 2029 1976 2076 vivum'’
2003 2029 2151 2078 Psalm
2171 2049 2182 2080 :
2209 2048 2429 2081 Lxxxm:

444 2100 488 2145 3.
525 2085 668 2148 Apud
697 2087 913 2135 Hiobum
951 2096 985 2119 ‘⁶
1009 2090 1221 2153 Cognovi
1261 2093 1624 2157 Redemptorem
1666 2110 1843 2151 meum,
1878 2095 2016 2152 vivit,
2052 2098 2102 2145 δε
2138 2097 2423 2161 postremum

442 2147 575 2212 super
596 2151 780 2214 pulvere
800 2153 969 2217 surget,
1006 2156 1055 2203 &
1077 2156 1178 2220 post
1201 2171 1303 2205 cute
1320 2174 1421 2206 mea
1441 2159 1848 2210 circumdabuntur
1874 2160 1986 2216 haec,
2012 2163 2061 2209 &
2084 2178 2141 2209 ex
2167 2164 2309 2211 Carne
2328 2181 2423 2212 mea

439 2215 589 2263 videbo
610 2218 769 2275 Deum,
809 2221 966 2280 Quem
1000 2238 1091 2285 ego
1113 2223 1285 2271 videbo
1315 2225 1445 2281 mihi,
1482 2224 1531 2271 &
1554 2225 1673 2273 oculi
1692 2227 1786 2273 mei
1798 2226 2041 2284 videbunt,
2075 2228 2125 2275 ἃ
2142 2244 2234 2276 non
2257 2229 2419 2277 alius''

437 2296 548 2328 xxx:
577 2299 652 2344 25.
681 2285 757 2331 26.
786 2301 845 2348 27
869 2305 883 2340 ς
920 2298 1023 2335 cute
1041 2287 1420 2356 circumdari'pro
1438 2291 1640 2349 naturali,
1676 2291 1812 2355 quale
1831 2291 1980 2340 secum
2006 2293 2149 2342 homo
2171 2295 2273 2360 post
2292 2312 2437 2345 mort

438 2358 538 2395 tem
556 2346 702 2405 habet,
739 2351 796 2397 de
819 2367 910 2414 qua
943 2369 971 2400 n
985 2370 999 2399 :
1026 2370 1152 2420 3539
1178 2376 1193 2411 ς
1227 2372 1287 2403 ex
1314 2373 1444 2404 carne
1467 2356 1619 2420 videre
1642 2358 1796 2406 Deum
1820 2371 1907 2423 pro
1929 2375 1985 2407 ex
1999 2362 2189 2425 proprio
2210 2361 2421 2411 vivifica-

439 2424 509 2466 to,
544 2413 647 2461 ideo
671 2416 795 2473 dicit,
832 2433 971 2480 quem
996 2435 1083 2482 ego
1105 2420 1272 2469 videbo
1294 2423 1423 2479 mihi,
1461 2421 1512 2469 &
1543 2423 1665 2471 oculi
1699 2425 1789 2472 mei
1812 2425 2052 2482 videbunt,
2086 2426 2136 2473 δι
2159 2430 2249 2474 non
2273 2427 2381 2476 alius
2402 2450 2419 2485 ς

436 2478 542 2540 quia
565 2479 771 2529 Ecclefiis
793 2496 956 2531 notum
983 2483 1084 2542 fuit,
1122 2488 1247 2550 quod
1264 2489 1387 2536 Caro
1410 2489 1680 2552 significaret
1702 2492 1941 2554 proprium
1961 2491 2012 2537 δι’,
2026 2492 2167 2540 Liber
2182 2493 2333 2541 Hiobi
2355 2494 2421 2559 est

436 2543 548 2590 liber
577 2544 789 2595 Ecclefiae
812 2550 1054 2614 Antiquae‚
1088 2568 1144 2600 n:
1183 2570 1330 2616 3540,
1367 2553 1400 2601 f.
1434 2556 1496 2601 ita
1533 2571 1587 2602 ex
1610 2556 1908 2618 significativo
1941 2557 1999 2605 de
2020 2557 2106 2615 his,
2142 2571 2195 2606 ut
2233 2559 2291 2606 de
2313 2560 2421 2623 plu-

437 2607 561 2655 ribus
584 2609 696 2665 aliis,
731 2613 976 2662 secundum
1003 2632 1178 2664 morem
1217 2620 1335 2666 illius
1370 2621 1611 2684 temporis,
1647 2621 1865 2684 loquutus
1902 2621 1991 2670 est:
2031 2625 2108 2686 qui
2141 2626 2293 2688 itaque
2313 2626 2422 2674 inde

391 2716 400 2718 -
437 2674 686 2731 deducunt,
722 2680 849 2740 quod
873 2680 1020 2742 ipsum
1046 2682 1237 2730 cadaver
1269 2701 1293 2731 a
1314 2697 1513 2749 quatuor
1550 2687 1695 2733 ventis
1729 2686 1968 2749 colligetur
2002 2686 2052 2735 &
2076 2687 2290 2752 resurget,
2324 2705 2417 2736 non

436 2736 582 2784 sciunt
607 2738 779 2789 sensum
817 2745 1043 2792 internum
1072 2746 1238 2803 Verbi·,
1275 2752 1356 2812 qui
1379 2749 1550 2798 sensum
1576 2753 1802 2798 internum
1825 2765 2006 2808 norunt,
2043 2753 2185 2800 sciunt
2215 2753 2341 2815 quod
2365 2755 2414 2801 in

435 2803 623 2852 alteram
647 2807 790 2854 vitam
814 2813 991 2857 venturi
1015 2811 1099 2859 fint
1134 2828 1339 2877 corpore,
1379 2815 1453 2863 sed
1477 2817 1680 2879 puriori,
1710 2815 1811 2864 sunt
1843 2818 1963 2875 enim
1986 2817 2048 2863 ibi
2082 2833 2272 2881 corpora
2309 2818 2414 2882 plu-

433 2871 567 2926 riora,
600 2886 704 2918 nam
738 2871 780 2919 se
804 2887 968 2921 mutuo
991 2876 1165 2933 vident,
1213 2881 1326 2925 inter
1366 2876 1614 2927 se‘mu'tuo
1652 2880 1919 2944 loquuntur,
1962 2883 2091 2928 omni
2126 2881 2252 2929 sensu
2288 2885 2415 2946 quali

432 2935 478 2980 in
503 2951 707 2999 corpore,
744 2940 944 3000 gaudent
968 2938 1040 2986 sed
1067 2943 1357 3004 exquifitiori,
1392 2959 1557 3006 corpus
1581 2945 1707 3007 quod
1749 2945 1890 2993 homo
1927 2945 2188 2996 circumfert
2210 2949 2255 2995 in
2279 2960 2412 3007 terra,

430 2999 493 3047 est
516 3016 601 3064 pro
635 3002 787 3050 usibus
819 3004 899 3060 ibi,
933 3004 1038 3052 ideo
1058 3007 1253 3055 consistit
1277 3024 1332 3055 ex
1354 3009 1520 3056 offibus
1543 3009 1591 3056 &
1618 3024 1763 3067 carne,
1810 3011 1859 3058 δε
1883 3025 2048 3074 corpus
2070 3014 2195 3077 quod
2232 3014 2416 3078 spiritus

429 3066 476 3113 in
500 3067 636 3116 altera
671 3070 765 3119 vita
787 3070 1162 3138 circumferthest
1198 3089 1289 3140 pro
1320 3073 1473 3124 ufibus
1508 3074 1590 3134 ibi,
1625 3076 1675 3125 &
1712 3092 1804 3127 non
1840 3075 2037 3127 consistit
2079 3095 2136 3129 ex
2170 3081 2336 3129 offibus
2360 3081 2414 3130 δε.
2447 3124 2450 3127 .

2266 3160 2416 3207 carne,
