2904 3750
520 176 1535 273 CAPUT-VIGEsmUM
1592 201 2105 270 OCTAVUM.
2211 226 2364 293 439

347 345 526 396 interno
556 339 882 406 significantur,
917 340 968 389 in
999 336 1125 389 sensu·
1145 335 1374 400 suprem0,
1409 336 1457 385 in
1480 351 1578 401 quo
1604 337 1757 400 agitur
1790 335 1847 383 de
1867 338 2094 397 Domine,
2128 339 2354 404 fignifica-
2415 381 2418 382 γ

346 426 424 462 tur
447 410 752 459 Praevidentia
770 430 786 463 3
840 422 899 457 ex
921 404 1228 454 Pmidentia
1258 405 1382 452 enim
1411 403 1586 451 Divina
1612 403 1825 459 Domini,
1861 407 2177 467 praedictiones
2213 410 2351 465 sunt3

349 479 477 544 quod
519 493 612 525 non
651 473 832 523 aliunde
867 471 1189 536 praedidfiones
1225 469 1283 517 de
1311 469 1466 526 rebus,
1500 486 1608 533 quae
1637 486 1733 518 non
1771 469 2022 519 secundum
2055 489 2354 523 communem

349 559 525 594 naturae
547 543 759 592 ordinem
782 541 948 594 fluunt,
982 553 1033 586 ac
1067 536 1173 585 inde
1204 536 1452 600 praevideri
1473 537 1672 600 possunt,
1707 536 1910 585 constare
1932 538 2079 602 potest
2102 556 2159 586 ex
2180 542 2357 599 Verbo,

349 616 489 663 etiam
524 610 581 659 ab
616 609 686 657 his
710 606 846 670 apud
876 602 1060 660 Mosen,
1103 608 1139 631 “
1161 602 1368 664 Quando
1398 604 1619 668 propheta
1649 604 1869 668 loquutus
1904 602 2041 653 fuerit
2081 607 2127 653 in
2148 607 2356 656 Nomine

351 680 561 742 Jehovae,
598 674 674 722 sed
699 690 791 720 non
813 670 985 720 factum
1016 669 1105 718 fuit
1127 668 1355 728 Verbum,
1396 672 1446 718 ὅτ
1476 688 1568 718 non
1601 674 1752 720 evenit
1775 671 1895 719 istud
1917 672 2147 730 verbum,
2173 689 2266 721 non
2291 675 2358 722 lo·

350 758 523 811 quutus
545 741 610 790 est
632 739 858 803 Jehovah,
897 739 944 786 in
966 739 1221 802 arrogantia
1242 738 1463 802 loquutus
1484 737 1549 785 est
1570 738 1690 786 istud
1714 739 1984 804 propheta,”
2012 741 2162 789 Deut:
2183 756 2321 788 xv111
2345 759 2357 790 ε

353 829 430 863 22.
474 811 539 858 Et
561 807 736 857 tametsi
759 806 1076 870 praediffiones
1101 821 1254 853 rerum
1282 821 1391 870 quae
1419 817 1685 863 evenerunt,
1722 805 1891 854 fuerint
1922 822 1949 854 a
1983 808 2114 854 malis
2138 809 2186 854 &
2212 808 2361 855 culto-

355 879 483 932 ribus:
500 877 613 925 alius
637 876 728 931 dei,
769 872 892 938 apud
915 873 1151 930 Eundem,
1195 877 1229 900 “
1252 872 1300 920 Si
1324 871 1469 937 surgit
1495 873 1543 920 in
1584 873 1739 920 medio
1773 873 2100 938 tui-propheta
2130 874 2203 922 vel
2239 874 2360 924 som-

352 947 476 994 nians
501 943 749 998 somnium,
791 942 840 990 ὅτ
864 939 943 987 dat
963 938 1050 988 tibi
1070 939 1271 1004 fignum,
1303 939 1353 987 ὃν.
1376 940 1451 988 vel
1475 939 1763 1004 prodigium,
1805 941 1856 988 δε
1891 940 1945 987 fit
1968 941 2151 1006 iignum
2176 942 2224 988 &
2251 957 2361 1005 pro-

353 1013 536 1076 digium
567 1010 699 1074 quod
729 1009 954 1072 loquutus
981 1007 1038 1055 ad
1061 1019 1124 1065 te,
1157 1006 1372 1064 dicendo,
1405 1022 1561 1055 eamus
1582 1006 1685 1073 post
1708 1008 1818 1056 deos
1840 1007 1951 1055 alios
1972 1024 2067 1055 non
2089 1007 2271 1066 novisti,
2310 1010 2364 1057 δε

354 1079 599 1128 serviamus
637 1077 740 1134 illis,
791 1091 884 1123 non
922 1073 1107 1123 obedies
1147 1073 1299 1122 verbis
1333 1074 1572 1138 prophetae
1607 1074 1748 1133 istius,
1792 1086 1870 1122 aut
1896 1075 2132 1140 somnianti
2153 1078 2366 1138 somnium

354 1146 493 1203 istud,
527 1146 638 1208 quia
659 1155 802 1191 tentat
825 1141 1032 1203 Jehovah
1052 1141 1190 1198 vOS,'’
1228 1142 1381 1189 Deut:
1401 1154 1505 1188 x111
1533 1159 1544 1189 :
1566 1158 1610 1191 2.
1640 1158 1682 1205 3.
1708 1158 1778 1202 43
1818 1158 1845 1189 a
1865 1141 2033 1205 quibus
2060 1154 2197 1206 patet,
2233 1143 2366 1207 quod

355 1213 449 1276 ipsa
479 1211 722 1275 praediffio
744 1209 797 1256 sit
820 1225 846 1257 a
867 1208 1062 1265 Divino,
1101 1206 1176 1255 sed
1199 1207 1341 1256 fiiafio
1364 1208 1421 1255 ad
1444 1207 1692 1256 colendum
1729 1208 1840 1257 alios
1860 1209 1970 1256 deos
1999 1225 2026 1256 a
2047 1210 2235 1273 proprio
2258 1225 2366 1274 pro·

358 1279 527 1343 phetae,
567 1279 642 1325 cui
665 1277 712 1325 id
736 1274 1016 1340 permissum,
1051 1274 1256 1324 tentandi
1288 1273 1432 1332 causa,
1465 1274 1579 1322 ficut
1609 1274 1804 1325 dicitur:
1845 1275 1949 1323 inde
1972 1291 2159 1340 quoque
2191 1276 2272 1334 est,
2314 1279 2366 1326 δε

359 1362 416 1394 ex
453 1346 549 1393 aliis
582 1343 740 1401 causis,
781 1342 910 1406 quod
933 1341 1099 1406 pluries
1122 1341 1256 1399 olim,
1295 1343 1376 1407 qui
1400 1341 1544 1389 baales
1567 1343 1618 1390 δι
1642 1342 1752 1390 alios
1786 1342 1896 1391 deos
1931 1343 2188 1400 coluerunt,
2227 1345 2368 1392 etiam

359 1413 746 1476 prophetaverint,
784 1410 980 1473 visiones
1004 1409 1218 1466 viderint,
1260 1408 1310 1456 ὅτ
1342 1408 1521 1457 somnia
1552 1407 1892 1467 somniaverint,
1933 1411 1984 1458 δε
2016 1425 2204 1474 quoque
2238 1410 2370 1474 quod

359 1479 590 1527 evenerint
612 1494 721 1543 quae
744 1477 945 1541 loquuti,
984 1469 1034 1523 δὲ
1058 1475 1308 1541 perplui-ies
1342 1476 1618 1534 seduxerint,
1659 1477 1718 1524 de
1755 1476 1923 1541 quibus
1954 1477 2077 1542 apud
2103 1477 2373 1538 Jeremiam,

359 1547 490 1610 Cap:
511 1562 685 1602 xxnv,
726 1556 892 1610 praeter
913 1543 1040 1600 alios,
1075 1545 1157 1607 qui
1189 1542 1299 1590 dieti
1332 1543 1623 1601 divinatores,
1655 1557 1964 1608 auguratores,
2005 1543 2372 1608 praestigiatoreS,

361 1614 603 1678 pythones,
643 1614 724 1676 qui
748 1614 865 1659 inter
887 1610 988 1658 ilios
1011 1608 1213 1666 fuerunt,
1247 1610 1329 1673 qui
1354 1611 1521 1674 magiae
1545 1611 1735 1658 naturali
1756 1609 2041 1668 studuerunt,
2068 1626 2125 1658 ex
2147 1626 2237 1674 qua
2260 1611 2374 1658 nihil

361 1681 523 1727 Divini
554 1681 708 1744 potuit
728 1677 936 1742 praedici,
974 1675 1052 1723 sed
1084 1676 1232 1724 solum
1253 1677 1383 1739 quod
1405 1689 1561 1726 contra
1582 1677 1814 1724 Divinum
1835 1677 1958 1734 effet,
1989 1677 2076 1724 hoc
2097 1676 2178 1734 est,
2216 1689 2376 1725 contra

360 1747 641 1803 Dominum,
681 1748 730 1793 δε
754 1755 912 1792 contra
934 1742 1113 1790 bonum
1145 1744 1313 1791 amoris
1336 1744 1387 1792 δε
1407 1758 1573 1791 verum
1593 1743 1702 1792 fidei
1723 1746 1771 1792 in
1793 1742 1948 1807 Ipsum
1967 1765 1982 1800 ;
2024 1743 2113 1791 hoe
2135 1746 2375 1808 magicum

362 1813 675 1877 qualecunque
699 1813 749 1860 in
768 1824 956 1859 externa
976 1808 1129 1858 forma
1150 1821 1346 1875 apparet.

436 1880 578 1945 3699.
615 1880 681 1926 Et
718 1894 823 1926 ecce
855 1878 968 1926 scala
1004 1876 1165 1925 statum
1203 1890 1358 1936 terrae,
1390 1877 1518 1942 quod
1541 1876 1766 1943 fignifioet
1803 1878 2269 1926 communicationem
2308 1878 2379 1926 in-

367 1947 468 1994 fimi
492 1947 589 1992 veri
611 1946 659 1992 &
682 1943 792 1991 boni
814 1944 938 2000 inde,
978 1943 1152 1992 constat
1174 1960 1233 1992 ex
1253 1944 1580 2008 significatione
1603 1944 1748 2002 scalae,
1771 1946 1908 2010 quod’
1923 1945 1977 1993 fit
2000 1946 2382 2004 communicatio,

370 2013 428 2060 de
464 2028 555 2076 qua
590 2010 824 2074 sequitur·,
868 2011 920 2058 δε
957 2026 1015 2058 ex
1054 2009 1383 2073 fignificatione
1415 2024 1565 2070 oerrae,
1601 2013 1729 2076 quod
1768 2011 1823 2060 fit
1855 2008 2090 2070 infimum,
2126 2027 2232 2060 nam
2268 2027 2383 2061 mox

370 2079 556 2135 dicitur,
592 2077 719 2141 quod
744 2088 882 2142 caput
903 2074 1000 2140 ejus
1021 2079 1300 2141 pertingeret
1319 2078 1513 2135 coelum,
1536 2079 1665 2142 quod
1688 2078 1752 2126 est
1773 2077 2070 2144 supremum3
2110 2079 2215 2127 inde
2239 2092 2387 2144 patet,

369 2145 498 2210 quod
523 2144 634 2192 scala
656 2160 765 2207 quae
787 2146 903 2192 inter
924 2156 1090 2192 terram
1120 2145 1171 2192 δε
1194 2143 1389 2201 coelum,
1425 2144 1500 2192 seu
1533 2146 1649 2191 inter
1687 2145 1904 2193 infimum
1928 2148 1978 2194 ὅτ
2003 2145 2288 2209 supremum,
2326 2147 2381 2194 fit

371 2213 768 2267 communicatio;
809 2211 937 2274 quod
968 2211 1327 2258 communicatio
1366 2211 1518 2259 infimi
1556 2213 1653 2258 veri
1691 2211 1743 2258 δε
1781 2211 1887 2259 inde
1919 2212 2028 2259 boni
2053 2213 2123 2269 sit,
2159 2228 2269 2277 quae
2300 2228 2389 2277 per

372 2279 530 2328 scalam
556 2279 771 2327 statutam
794 2290 926 2326 terrae
947 2276 1242 2342 significatur,
1278 2290 1401 2343 patet
1423 2294 1482 2326 ex
1502 2294 1575 2335 eo,
1609 2277 1738 2342 quod
1768 2277 1827 2325 de
1859 2277 1978 2325 illius
2002 2279 2173 2346 gradus
2198 2295 2312 2327 vero
2330 2282 2383 2328 ὅτ

373 2346 479 2396 inde
501 2345 644 2401 bono,
676 2345 812 2408 quod
839 2360 920 2409 per
942 2344 1173 2406 Jacobum
1205 2345 1280 2393 hic
1302 2344 1641 2409 repraesentatur
1675 2347 1720 2393 in
1745 2343 1868 2393 sensu
1892 2346 2070 2392 interno
2092 2346 2168 2392 hic
2189 2358 2350 2409 agatur
2368 2364 2385 2394 t

374 2413 431 2460 In
464 2412 622 2475 lingua
656 2411 869 2474 originali
899 2427 995 2458 vox
1030 2410 1159 2459 scalae
1194 2411 1424 2460 derivatur
1454 2428 1481 2459 a
1509 2427 1626 2459 voce
1660 2427 1770 2476 quae
1802 2412 2026 2475 significat
2065 2411 2271 2459 semitam
2307 2411 2388 2460 seu

376 2480 520 2535 viam,
555 2493 666 2542 quae
701 2478 831 2541 quod
864 2477 1141 2541 praedicetur
1171 2477 1229 2525 de
1263 2493 1391 2536 vero,
1426 2478 1637 2526 videatur
1678 2495 1707 2526 n
1728 2497 1739 2527 ι
1760 2479 1871 2543 6217.
1899 2496 1957 2544 23
1967 2497 1990 2542 3
2000 2496 2060 2542 33
2101 2481 2238 2526 etiam
2273 2494 2391 2526 curn

377 2546 500 2609 apud
528 2544 734 2608 Angelos
765 2544 823 2592 de
846 2561 956 2591 vero
990 2543 1055 2592 est
1093 2544 1258 2602 sermo,
1291 2545 1457 2593 sistitur
1488 2546 1536 2592 id
1573 2544 1937 2610 repraesentative
1970 2548 2016 2592 in
2048 2546 2224 2592 mundo
2257 2545 2386 2609 spiri-

377 2625 513 2660 tuum
537 2627 616 2676 per
638 2613 750 2669 vias,
784 2611 994 2660 videatur
1028 2628 1089 2660 n:
1115 2616 1220 2677 189.
1251 2628 1378 2678 3477
1400 2635 1414 2669 ;
1451 2614 1556 2660 inde
1579 2625 1707 2678 patet
1725 2613 1839 2676 quid
1863 2612 1975 2660 scala
1999 2612 2235 2676 fignificat,
2258 2611 2393 2677 cujus

376 2695 468 2729 una
488 2680 747 2726 extremitas
769 2678 835 2726 est
857 2679 1025 2726 statuta>
1039 2690 1189 2736 terrae,
1209 2679 1260 2727 δε
1284 2679 1420 2728 altera
1441 2680 1663 2745 pertingit
1686 2679 1879 2736 coelum,
1914 2680 2043 2744 quod
2067 2695 2234 2744 nempe
2257 2695 2395 2727 com·-

378 2747 630 2795 municatio
651 2747 765 2803 veri,
798 2746 926 2809 quod
951 2746 1114 2793 infimo
1147 2747 1250 2794 loco
1271 2745 1337 2794 est
1364 2762 1473 2796 cum
1497 2763 1610 2795 vero
1641 2747 1768 2811 quod
1792 2746 2020 2811 supremo,
2057 2747 2119 2794 rde
2142 2762 2234 2810 qua
2257 2763 2388 2795 com·-

385 2815 691 2861 municatione
723 2813 937 2877 sequitur,
973 2813 1102 2877 quod
1138 2812 1228 2862 sint
1263 2829 1372 2862 vera
1403 2817 1452 2862 &
1486 2814 1604 2862 bona
1635 2815 1810 2872 infima,
1851 2816 1900 2862 &
1933 2829 2039 2862 vera
2070 2813 2121 2862 &
2159 2814 2280 2862 bona
2315 2813 2390 2862 su-

383 2894 558 2942 prema,
590 2882 640 2928 &
665 2881 879 2928 inter-‘illa
901 2881 1078 2945 gradus
1093 2879 1208 2940 sicut
1230 2880 1374 2939 scalae,
1408 2882 1617 2930 videatur
1650 2898 1711 2930 n:
1735 2882 1876 2947 3691.

455 2961 597 3009 3700.
634 2947 699 2995 Et
737 2961 877 3011 caput
923 2946 1021 3012 ejus
1070 2950 1333 3012 pertingens
1373 2949 1567 3007 coelum,
1618 2950 1748 3013 quod
1787 2948 2013 3012 significet
2047 2963 2155 2996 cum
2197 2949 2395 3006 Divino,

388 3014 701 3086 nempe-quod
723 3015 1107 3072 communicatio,
1136 3016 1309 3065 constat
1342 3016 1717 3080 a-fignificatione
1751 3018 1909 3080 capitis
1933 3015 2060 3063 scalae
2094 3015 2165 3062 seu
2199 3016 2390 3062 summi-

388 3082 811 3194 &gfffz’ffi
818 3081 1215 3212 Εᾶιζῖἓῗέἑὲῗέ,
1237 3084 1298 3196 ⁸12
1322 3084 1699 3214 ἒὲἓῖἓῑῖἴὲοὲἓ
1721 3081 2399 3211 ffissssfflstfifpsssstssffle

390 3225 521 3268 num,
555 3222 602 3260 at
635 3211 682 3259 in
722 3211 1247 3279 sensurepraesentativo,
1285 3218 1454 3280 inquo
1482 3219 1635 3280 agitur
1671 3217 1729 3266 de
1764 3215 1950 3266 homine
1979 3216 2059 3279 qui
2091 3226 2407 3326 regensi-atu}

2335 3296 2359 3328 e
