2904 3750
636 233 974 303 CAPUT
1021 232 1594 299 VIGESIMUM
1641 236 2144 324 QUINTUM.
2268 244 2395 310 261

404 371 541 423 1186.
569 371 712 432 1462,
746 368 850 417 ideo
873 368 918 415 in
951 365 1074 413 bono
1113 361 1236 411 sensu
1279 375 1466 429 uterque
1506 364 1782 412 nominatur.
1852 362 1965 410 Inde
1986 364 2120 412 etiam
2146 378 2285 429 patet,
2321 381 2405 415 cut

397 438 606 502 Jehovah
638 438 696 484 ad
718 434 882 484 Mosen
907 432 1087 486 dixerit,
1123 430 1250 493 quod
1274 446 1355 476 nan
1382 433 1599 494 miscerent
1628 438 1775 478 manus
1805 445 1896 476 cum
1912 428 2023 487 filiis
2044 431 2201 493 Esavi‚
2236 434 2285 481 δε
2310 436 2410 480 non*

398 507 578 554 daretur
614 503 735 551 filius
756 499 917 563 Jacobi
938 514 963 544 e
986 510 1103 544 terra
1124 512 1287 543 eorum
1321 495 1460 560 usque
1498 498 1555 544 ad
1586 495 1833 559 vestigium
1863 495 1988 560 'volae
2032 497 2208 559 pedis,’'
2243 500 2401 548 Deut:

398 574 462 621 ii:
489 590 534 632 4.
563 588 606 633 5.
634 571 678 616 6.
735 569 788 614 In
811 563 1019 630 opposito
1040 575 1191 610 autem
1217 562 1340 610 sensu
1365 579 1445 627 per
1469 563 1671 611 Esavurn
1698 564 1747 610 ὅτ
1770 562 2012 609 Edomum
2038 563 2407 626 repraesentantur

399 639 482 696 illi,
518 637 598 700 qui
630 633 875 681 deflestunt
903 647 928 678 e
958 629 1097 686 bono,
1134 645 1215 694 per
1238 630 1284 677 id
1306 630 1434 693 quod
1473 629 1651 694 prorsus
1685 642 1977 677 contemnant
2002 645 2180 685 verum,
2217 646 2298 678 nec
2321 643 2411 678 vos

399 706 501 753 lunt
532 715 584 750 ut
613 699 784 764 aliquid
817 698 912 745 veri
943 696 1050 744 fidei
1082 695 1371 761 adjungatur,
1407 697 1535 761 quod
1560 697 1865 761 principaliter
1898 695 1951 742 fit
1982 711 2040 742 ex
2071 695 2199 744 causa
2239 700 2407 744 amoris

398 771 481 828 sui,
506 783 654 833 ⁴quare
675 767 722 813 in
743 764 957 830 opposito
981 761 1105 811 sensu
1138 780 1219 828 per
1241 763 1444 811 Esavum
1469 765 1516 812 &
1542 763 1785 812 Edomum
1816 762 2126 826 significantur
2149 762 2244 818 illi3
2281 765 2407 826 quod
2484 814 2487 817 ,

395 839 532 886 etiam
571 831 939 898 repraesentatum
975 828 1057 888 est,
1108 846 1190 895 per
1219 830 1347 894 quod
1371 831 1477 878 Rex
1509 830 1684 878 Edomi
1722 845 1828 877 cum
1869 829 2046 893 populo
2078 829 2320 876 numeroso
2357 846 2408 877 ac

399 918 538 952 manu
559 899 668 949 forti
690 900 845 956 exiret,
882 900 933 947 δε
957 909 1163 946 renueret
1189 898 1450 962 permittere
1477 896 1618 944 Israeli
1643 897 1821 944 transire
1846 912 1926 959 per
1950 896 2199 944 terminum
2225 895 2408 952 suurn‚’'

396 971 563 1020 Num:
589 984 679 1016 xx:
714 985 771 1028 ¹4
793 965 852 1013 ad
877 982 970 1021 223
1007 966 1093 1013 hoc
1118 965 1311 1020 malum,
1347 979 1512 1027 nempe
1539 965 1705 1011 amoris
1729 963 1810 1019 sui,
1846 963 1973 1026 quod
2007 963 2094 1010 tale
2131 962 2202 1020 sit,
2239 975 2291 1010 ut
2316 963 2408 1010 nori

398 1037 610 1086 admittat
633 1050 740 1082 vera
770 1032 896 1090 fidei,
932 1033 993 1079 ita
1015 1046 1096 1079 nec
1126 1030 1390 1078 doctrinalia
1411 1031 1524 1087 veri,
1559 1032 1693 1077 variis
1726 1032 1771 1078 in
1803 1030 1914 1076 locis
1948 1031 1995 1076 in
2018 1029 2174 1076 Verbo
2197 1045 2278 1093 per
2300 1029 2408 1077 Esa-

398 1119 516 1151 vum
555 1102 605 1150 &
645 1100 906 1156 Edomum,
941 1097 1221 1154 describitur,
1256 1098 1306 1145 ὅτ
1347 1097 1482 1144 simul
1523 1095 1661 1144 status
1691 1096 1907 1144 Ecclefiae
1946 1112 2056 1143 curn
2097 1096 2197 1144 talis
2234 1095 2320 1151 fit;
2357 1109 2409 1144 ut

358 1221 364 1230 ,
399 1170 525 1234 apud
557 1168 822 1232 Jeremiam,
872 1170 907 1203 “-
943 1166 1115 1213 Contra
1146 1164 1371 1220 Edomum,
1423 1179 1536 1210 num
1574 1163 1696 1211 nulla
1730 1163 1926 1227 amplius
1966 1163 2176 1227 sapientia
2214 1163 2259 1210 in
2283 1162 2410 1210 The-

402 1252 550 1292 mane,
585 1250 700 1282 num
723 1233 856 1297 periit
878 1231 1118 1279 confilium
1141 1230 1196 1277 ab
1218 1230 1594 1294 intelligentibus,
1630 1245 1744 1278 num
1778 1229 1940 1294 putida
1971 1228 2089 1276 fac'ta
2116 1229 2180 1276 est
2205 1228 2412 1294 sapientia

401 1317 599 1357 eorum·,
650 1299 814 1363 fugite,
859 1310 1119 1345 averterunt
1158 1295 1215 1353 se,
1263 1296 1598 1362 profundarum
1630 1296 1672 1344 se
1703 1296 1759 1343 ad
1793 1296 2109 1352 habitandum,
2144 1295 2412 1344 habitatores

401 1369 622 1424 Dedanis,
668 1368 770 1431 quia
809 1365 1096 1412 calamitatem
1130 1364 1271 1426 Esavi
1308 1363 1534 1410 adducam
1571 1362 1704 1426 super
1739 1378 1846 1410 eum
1865 1384 1882 1418 3
1918 1363 2027 1427 Ego
2060 1363 2273 1410 denudabo
2299 1363 2411 1425 Esa-

400 1452 524 1492 vum,
560 1433 767 1482 revelabo
786 1431 964 1480 occulta
984 1429 1096 1495 ejus,
1130 1429 1182 1477 &
1205 1428 1418 1481 abscondi
1435 1445 1525 1477 non
1550 1431 1700 1493 poffit,
1737 1429 2017 1477 devastatum
2038 1429 2101 1476 est
2126 1430 2275 1476 semen
2297 1427 2411 1489 ejus,

403 1505 452 1550 &
483 1500 637 1548 fratres
674 1496 786 1563 ejus,
824 1501 873 1546 &
916 1499 1054 1544 vicini
1090 1494 1220 1560 ejus;
1265 1496 1468 1560 relinque
1507 1496 1732 1560 orphanos
1772 1509 1893 1553 tuos,
1929 1496 2038 1559 Ego
2059 1495 2323 1552 vivificabo,
2361 1497 2413 1545 δι’

401 1569 564 1615 viduas
594 1579 708 1621 tuas,
744 1565 875 1627 super
899 1564 985 1610 Me
1008 1563 1277 1616 confidant·,
1313 1565 1396 1608 erit
1420 1562 1606 1610 Edamus
1637 1563 1685 1609 in
1708 1561 1980 1619 vastitatem,
2014 1564 2165 1609 omnis
2189 1564 2270 1625 qui
2290 1574 2412 1609 tran-

402 1634 458 1681 fit
481 1645 646 1696 praeter
673 1646 791 1686 eam,
827 1627 1108 1691 obstupescet
1129 1628 1179 1674 ὅτ
1204 1627 1395 1674 sibilabit
1427 1628 1557 1691 super
1587 1627 1801 1675 omnibus
1835 1628 1980 1691 plagis
2007 1627 2153 1691 ejus,'’
2188 1644 2336 1676 xmx:
2367 1645 2411 1692 7.

407 1705 449 1750 8.
478 1716 549 1748 10.
575 1714 646 1747 11.
674 1712 729 1760 17
754 1694 828 1758 seq
849 1712 860 1742 ε
921 1694 1070 1758 Apud
1093 1693 1342 1751 Davidem,
1378 1698 1414 1720 “
1436 1694 1614 1741 Dicunt
1635 1710 1726 1741 non
1748 1707 2030 1741 memoretur
2053 1710 2221 1742 nomen
2245 1694 2413 1742 Israelis

403 1766 618 1830 amplius,
653 1764 760 1827 quia
782 1760 1035 1810 consultant
1057 1759 1192 1807 corde
1215 1775 1322 1817 una,
1357 1757 1488 1824 super
1522 1772 1566 1808 te
1599 1759 1756 1807 foedus
1784 1772 1991 1824 pangunt
2013 1760 2217 1808 Tentoria
2241 1761 2413 1817 Edomi,

403 1834 453 1881 &
480 1829 819 1894 Jischmaelitae,
854 1830 903 1877 &
927 1826 1150 1885 Moabus,
1184 1825 1234 1874 δε
1259 1827 1508 1891 Hagraei,'’
1542 1825 1724 1875 Psalm:
1752 1842 1948 1875 Lxxxiu
1972 1845 1983 1875 :
2013 1843 2057 1890 5.
2086 1827 2131 1874 6.
2160 1843 2204 1892 7.
2263 1827 2414 1892 Apud

404 1898 652 1953 Obadiam,
688 1901 723 1923 “
746 1896 821 1942 Sic
844 1894 960 1942 dixit
974 1894 1208 1942 Dominus
1226 1892 1427 1955 Jehovih
1444 1893 1621 1951 Edomo,
1652 1909 1757 1942 ecce
1787 1909 1984 1957 parvum
2016 1893 2125 1941 dedi
2154 1906 2198 1940 te
2223 1893 2269 1941 in
2300 1910 2417 1958 gen·

404 1964 545 2021 tibus,
581 1973 840 2010 contemtus
862 1971 914 2008 tu
937 1960 1090 2017 valde,
1114 1960 1319 2023 superbia
1358 1960 1494 2008 cordis
1533 1963 1601 2008 tui
1637 1960 1818 2025 decepit
1849 1972 1910 2018 te,
1947 1960 2148 2008 habitans
2182 1961 2230 2007 in
2254 1960 2415 2009 fissiiris

406 2044 567 2096 petrae,
601 2028 838 2077 altitudine
861 2026 974 2074 sedis
1005 2038 1118 2083 tuae,
1151 2027 1232 2089 qui
1255 2026 1371 2074 dicis
1394 2028 1440 2074 in
1464 2027 1600 2074 corde
1624 2039 1724 2085 tuo,
1760 2028 1864 2091 quis
1903 2026 2106 2075 detrahet
2136 2043 2212 2074 me
2243 2029 2291 2075 in
2323 2040 2414 2076 ter·

406 2114 508 2146 ram
527 2120 543 2154 ·‚
562 2096 612 2155 Ji
632 2094 894 2144 exaltaveris
924 2103 968 2140 te
995 2091 1109 2140 sicut
1137 2092 1303 2155 aquila,
1336 2093 1387 2141 &
1411 2093 1444 2140 si
1467 2094 1581 2141 inter
1604 2093 1746 2142 stellas
1767 2093 1965 2158 posueris
1989 2094 2172 2151 nidum,
2208 2093 2314 2142 inde
2337 2094 2418 2142 de-

407 2163 580 2213 traham
603 2175 680 2210 te:
716 2159 956 2225 quomodo
970 2157 1192 2224 perquisiti
1212 2158 1352 2222 Esau,
1386 2158 1653 2223 investigata
1689 2160 1841 2209 abdita
1878 2177 2057 2218 eorum,
2094 2177 2246 2208 nonne
2270 2161 2316 2208 in
2341 2161 2416 2209 die

408 2232 490 2279 illo
507 2229 694 2296 perdam
704 2229 920 2291 sapientes
948 2242 998 2274 ex
1020 2225 1197 2282 Edam&
1232 2226 1281 2273 &
1314 2224 1616 2288 intelligentes
1638 2242 1661 2274 e
1682 2237 1818 2274 monte
1840 2229 1998 2290 Esavi‚
2034 2244 2059 2275 a
2083 2227 2209 2275 caede
2230 2239 2421 2292 propter

409 2297 671 2345 violentiam
697 2294 844 2342 fratris
874 2293 942 2340 tui
964 2292 1126 2354 Jacobi
1148 2292 1322 2355 operiet
1343 2303 1388 2339 te
1412 2291 1579 2355 pudor,
1615 2293 1665 2340 δι
1689 2291 1959 2340 exscinderis
1984 2295 2031 2340 in
2055 2307 2298 2351 aeternum‚
2333 2296 2418 2342 erit

410 2364 579 2411 domus
601 2360 763 2423 Jacobi
799 2361 934 2423 ignis,
971 2361 1016 2406 δι.
1043 2359 1212 2406 domus
1235 2357 1419 2422 Josephi
1451 2358 1652 2416 flamma,
1687 2359 1739 2406 δε
1759 2359 1903 2406 domus
1927 2360 2070 2423 Esavi
2104 2360 2150 2406 in
2185 2359 2414 2423 stipulam,

408 2430 460 2478 δε
502 2427 748 2477 accendent
781 2442 874 2483 eOS,
908 2427 959 2473 δι
984 2424 1252 2472 consument
1283 2440 1377 2481 eoS,
1412 2425 1462 2472 δε
1486 2441 1578 2472 non
1618 2426 1703 2472 erit
1742 2425 1972 2472 residuum
2009 2425 2149 2473 domui
2172 2426 2330 2490 Esavi‚
2366 2427 2417 2473 &

408 2494 742 2544 haereditabunt
781 2491 1095 2540 meridionales
1133 2500 1308 2539 montem
1332 2492 1524 2555 Esavi,”
1564 2507 1579 2537 1
1602 2509 1614 2540 ε
1644 2509 1686 2541 2.
1714 2491 1758 2539 6.
1788 2495 1830 2540 8.
1858 2511 1903 2556 9.
1928 2509 2001 2541 10.
2028 2495 2100 2540 18.
2127 2509 2198 2556 19.
2220 2508 2275 2540 21
2299 2513 2314 2548 3
2350 2491 2418 2539 E·

410 2564 524 2610 dom
556 2563 606 2609 &
642 2560 761 2608 Esau
798 2559 861 2606 ibi
894 2575 979 2623 pro
1012 2557 1135 2607 malo
1167 2557 1380 2605 naturalis
1411 2558 1608 2606 hominis
1638 2574 1697 2606 ex
1728 2573 1882 2607 amore
1921 2557 1987 2605 sui
2027 2558 2239 2614 oriundo,
2288 2557 2417 2621 quod

408 2627 665 2677 contemnit
687 2628 735 2673 &
761 2623 906 2690 rejicit
935 2640 1073 2672 omne
1106 2639 1290 2681 verum,
1322 2623 1446 2672 unde
1479 2622 1574 2688 ejus
1607 2623 1865 2672 devastatio.
1937 2624 2083 2689 Apud
2107 2624 2415 2682 Ezechielem,

410 2701 446 2723 “
481 2695 573 2743 Fili
607 2692 823 2748 hominis,
874 2707 994 2756 pone
1031 2688 1166 2738 facies
1204 2701 1303 2737 tuas
1341 2703 1499 2738 contra
1536 2701 1712 2739 mantem
1745 2693 1852 2748 Seir,
1904 2691 1954 2739 δε
1994 2690 2215 2755 propheta
2259 2705 2418 2739 contra

410 2761 560 2818 illum,
596 2761 646 2808 δι
671 2760 746 2807 dic
771 2758 852 2816 illi,
887 2757 948 2805 fic
988 2757 1105 2806 dixit
1139 2758 1372 2806 Dominus
1393 2758 1610 2819 Jehovih,
1657 2757 1767 2821 Ego
1805 2770 1961 2806 contra
2000 2770 2045 2805 te
2066 2761 2198 2807 Mons
2223 2759 2330 2814 Seir,
2366 2758 2416 2805 δε

408 2828 652 2876 extendam
690 2840 878 2873 manum
918 2841 1067 2872 meam
1106 2836 1266 2871 contra
1304 2837 1366 2882 te,
1403 2826 1453 2872 δε
1477 2824 1597 2873 dabo
1620 2837 1665 2871 te
1687 2823 1940 2872 vastitatem
1961 2823 2012 2872 δι
2045 2823 2417 2881 devastationem,

411 2888 519 2958 quia
556 2894 619 2942 est
658 2893 741 2940 tibi
774 2892 1012 2940 inimicitia
1043 2891 1322 2949 aeternitatis,
1358 2891 1407 2940 ὅτ
1432 2891 1568 2939 fluere
1600 2889 1708 2939 facis
1742 2891 1860 2939 filios
1885 2890 2053 2939 Israelis
2086 2889 2218 2955 super
2258 2907 2418 2938 manus

412 2961 568 3022 gladii,
603 2962 651 3007 in
673 2971 880 3022 tempore
913 2959 1118 3006 interitus
1149 2973 1329 3015 eorum,
1365 2959 1412 3005 in
1449 2970 1660 3022 tempore
1700 2958 1947 3022 iniquitatis
1985 2957 2104 3013 finis,
2140 2958 2246 3020 quia
2267 2956 2416 3004 dixisti

413 3026 470 3073 de
500 3026 673 3074 duabus
705 3025 932 3089 gentibus,
967 3026 1018 3073 ὅτ
1039 3024 1096 3072 de
1119 3023 1294 3072 duabus
1318 3024 1463 3082 terris,
1501 3025 1614 3073 mihi
1647 3022 1767 3081 sunt,
1810 3025 1862 3073 &
1898 3023 2263 3072 haereditabimus
2298 3039 2415 3080 eam,

413 3091 462 3137 &
487 3091 691 3151 jehovah
719 3092 781 3138 ibi
814 3091 907 3140 est:
944 3092 995 3140 ὅτ
1018 3089 1262 3155 cognosces
1284 3091 1411 3155 quod
1434 3092 1543 3156 Ego
1567 3091 1774 3154 jehovah
1797 3091 2051 3138 audiverim
2075 3105 2233 3137 omnes
2258 3102 2418 3136 contu·

416 3157 583 3204 melias·
605 3170 720 3213 tuas,
769 3173 882 3220 quas
918 3157 1070 3209 dixisti
1108 3169 1265 3206 contra
1305 3170 1485 3206 montes
1522 3157 1705 3215 IsraeliS,
1741 3156 1921 3205 vastitas
1959 3157 2044 3203 erit
2068 3159 2202 3203 Mons
2225 3158 2330 3211 Seir,
2368 3155 2417 3201 &

415 3222 566 3270 omnis
591 3223 723 3271 Edam
756 3224 899 3283 tota,”
934 3239 1093 3274 xxxv:
1121 3241 1163 3275 2.
1185 3242 1228 3291 3.
1249 3242 1296 3286 4.
1319 3230 1361 3278 8.
1382 3243 1428 3290 9.
1455 3242 1527 3278 ιο.
1553 3242 1625 3277 12.
1652 3241 1728 3290 15,
1764 3225 1826 3273 ibi
1853 3221 2081 3274 manifeste
2115 3219 2418 3334 patenEchuod

2338 3300 2415 3333 om
