2904 3750
644 189 979 297 CAPUT.
1026 188 1595 294 V1GE31MUM
1640 144 2170 289 sEP'TIMUMss
2273 222 2406 288 357

406 320 454 376 in
494 326 667 374 bonum
709 323 918 373 naturalis
950 336 1011 372 ac·
1036 321 1085 369 id
1113 331 1359 386 regenerat,
1394 319 1469 368 sed
1501 335 1585 384 per
1606 334 1769 367 verum
1793 319 1921 382 quod
1952 320 2015 368 est
2043 322 2309 380 intellectus,
2344 326 2408 372 ita

408 391 654 442 fecundum
679 393 986 456 apparentiam
1009 401 1068 436 ex
1088 402 1203 433 vero
1236 386 1489 435 rationalis:
1525 386 1624 435 haec
1643 385 1768 442 sunt,
1798 386 1857 433 de
1879 386 2044 449 quibus
2067 389 2113 435 in
2137 389 2224 438 hoc
2246 392 2422 455 Capite.
2461 440 2465 444 ,

346 483 353 487 «
407 461 454 508 in
491 459 614 508 sensu
651 452 828 507 interno
859 455 1040 520 agitur3
1075 451 1320 514 jischakus
1352 453 1475 498 enim
1513 451 1579 499 est
1609 453 1750 501 Mens
1787 451 2011 515 rationalis
2046 456 2197 517 quoad
2231 456 2413 505 bonum>

406 526 536 592 quod
573 525 637 574 est
675 525 942 578 voluntatis,
977 518 1187 579 Rebecca
1214 517 1279 566 est
1300 517 1454 581 quoad
1478 533 1640 565 verum
1664 518 1793 582 quod
1816 517 1881 566 est
1903 518 2171 577 intellectus,
2206 522 2323 570 Esau
2346 523 2411 570 est

407 594 582 643 bonum
602 590 818 640 naturalis
839 585 1028 636 existens
1051 601 1077 632 a
1094 583 1224 643 bono
1239 584 1511 641 RationaIiS,
1548 585 1695 646 Jacob
1715 584 1779 632 est
1800 592 1965 632 verum
1986 587 2198 634 naturalis
2220 588 2412 636 existens

406 675 435 709 a
455 651 850 708 bono'Rat'io'na‘lis
876 667 971 717 per
1006 667 1172 699 verum
1211 651 1288 707 ibi.
1359 651 1436 700 Ex
1471 651 1539 698 his
1575 651 1774 700 constare
1813 651 1979 716 potest,
2014 652 2163 716 qualia
2184 669 2342 702 arcana
2363 657 2412 703 in

405 725 530 775 sensu
562 724 740 771 interno
758 718 903 768 Verbi
935 720 1261 774 continentur·,
1297 717 1374 766 sed
1405 716 1546 781 usque
1575 717 1677 766 sunt
1714 719 1975 782 pauciffima
2007 734 2115 782 quae
2145 719 2201 766 ad
2225 734 2413 785 captum

405 791 660 846 humanum
682 785 872 835 describi
895 785 1112 850 possunt;
1147 800 1256 849 quae
1288 783 1624 842 transcendunt,
1662 785 1711 832 δι
1735 801 1828 832 non
1852 785 2035 848 poffunt
2069 785 2277 844 describi,
2313 786 2418 834 sunt

404 855 669 910 indefinita3
709 864 805 918 quo
825 853 949 900 enim
964 851 1175 899 Verbum
1198 852 1394 916 penitius
1417 850 1563 908 vadit,
1598 851 1686 898 hoc
1710 850 1798 908 est,
1825 867 1922 915 quo
1941 852 2127 900 interius
2149 852 2195 908 in
2217 853 2416 907 coelum..

406 939 465 974 eo
501 921 604 972 funt
639 919 958 976 indefinitiora,
993 920 1044 967 &
1073 933 1258 982 quoque
1290 916 1602 975 ineffabiliora,
1637 933 1731 965 non
1756 918 1907 966 modo·
1921 933 2076 966 coram
2106 919 2307 976 homine,
2343 918 2428 969 sed.

404 987 542 1040 edam
576 1003 730 1037 coram
768 985 939 1050 angelis
977 982 1200 1032 inferioris
1239 984 1364 1041 caeli,
1399 984 1450 1032 δε
1474 999 1584 1031 cum
1608 984 1908 1032 adfintimum
1929 986 2126 1042 coelum,
2162 987 2421 1050 percipiunt

407 1055 668 1120 ibiAng'eli
689 1053 819 1118 quod
842 1051 1018 1101 infinita
1039 1051 1145 1110 fint,
1177 1052 1227 1099 δι’
1250 1050 1338 1098 illis
1361 1049 1541 1114 prorsus
1570 1051 2053 1115 incomprehensibilia,
2088 1053 2386 1115 quia'Divina
2401 1070 2423 1100 :-

408 1122 496 1172 tale
516 1121 580 1170 est
601 1121 826 1169 Verbum.
1206 1119 1209 1121 ’

479 1199 624 1254 '3510-
660 1187 784 1235 Ecce
802 1185 961 1237 audivi
983 1197 1159 1253 patrem
1183 1195 1319 1231 tuum
1343 1182 1591 1246 loquutum
1615 1183 1670 1231 ad
1693 1181 1896 1231 Esavum
1936 1182 2119 1232 fratrem
2160 1196 2312 1242 tuum,
2347 1185 2419 1233 di·-
2448 1221 2459 1225 -

410 1255 576 1312 cendo,
610 1253 741 1318 quod
779 1252 1001 1316 fignificet
1038 1249 1164 1315 quod
1199 1250 1429 1298 Divinum
1470 1249 1645 1297 bonurn
1669 1251 1830 1297 Divini
1855 1251 2106 1298 Rationalis
2130 1250 2422 1300 affectionem.

412 1322 521 1370 boni
549 1320 700 1376 vellet,
736 1319 914 1367 constat·
948 1335 974 1365 a
1005 1315 1395 1382 repraesentatione
1417 1315 1635 1378 jischaki‚
1672 1316 1746 1363 hic
1769 1320 1923 1380 patriS,
1960 1317 2088 1380 quod
2112 1317 2167 1377 sit
2186 1319 2418 1366 Divinum

413 1389 589 1436 bonum
612 1386 773 1435 Divini
795 1383 1065 1441 Rationalis,
1091 1381 1158 1430 'de
1180 1397 1271 1447 qua
1291 1382 1452 1448 prius;
1487 1399 1512 1429 a
1535 1382 1857 1446 significatione
1880 1382 2024 1446 loqui,
2060 1383 2187 1447 quod
2211 1384 2263 1431 fit
2286 1385 2425 1442 velle,

413 1454 472 1502 de
495 1470 585 1518 qua
607 1470 668 1501 n:
697 1452 837 1502 2626.
864 1468 1008 1518 2951.
1037 1465 1196 1515 3037·‚
1234 1450 1298 1507 &5
1317 1465 1343 1496 a
1379 1448 1766 1514 repraesentatione
1793 1448 1947 1506 Esavi,
1982 1449 2108 1512 quod
2148 1450 2205 1497 fit
2241 1450 2421 1499 affectio

415 1520 524 1576 boni
551 1522 597 1567 in
627 1516 832 1576 naturali,
868 1518 926 1566 de
948 1533 1037 1582 qua
1059 1516 1193 1580 supra
1204 1522 1241 1581 ‘n
1261 1530 1279 1564 ε·
1302 1521 1447 1580 3508.

469 1601 629 1651 3511.
665 1585 840 1635 Adduc
864 1582 996 1631 'mihi
1031 1583 1340 1638 venationem,
1375 1581 1503 1644 quod
1540 1581 1762 1646 fignificet
1800 1582 1910 1630 boni
1950 1583 2340 1642 verum‚‘constat
2362 1600 2421 1633 ex

414 1652 743 1718 significatione
765 1648 1030 1705 venationis,
1065 1647 1197 1711 quod
1219 1647 1275 1694 fit
1307 1646 1416 1695 boni
1438 1660 1621 1705 verum,
1656 1649 1714 1696 de
1736 1660 1826 1712 qua
1849 1648 1982 1712 supra
2004 1666 2062 1698 n:
2091 1667 2233 1714 3501.

443 1716 446 1722 “
487 1735 630 1784 3512.
666 1718 732 1765 Et
753 1713 825 1764 fac
850 1715 962 1763 mihi
984 1713 1216 1778 cupediass
1252 1712 1380 1777 quod
1419 1713 1642 1777 fignificet
1678 1714 1949 1763 defiderium
1994 1717 2044 1762 &
2075 1717 2421 1766 delectationem

416 1802 480 1836 ex
505 1784 761 1841 arnaenitate
797 1782 921 1840 inde,
957 1781 1130 1830 constat
1161 1795 1220 1828 ex
1250 1778 1580 1844 significatione
1615 1780 1932 1845 cupediarum,
1966 1782 2094 1846 quod
2120 1783 2205 1831 sint
2226 1800 2421 1842 amaena,

403 1853 477 1901 ‘de
514 1867 610 1916 qua
646 1850 777 1914 supra
815 1866 877 1898 n:
907 1864 1033 1913 3502
1051 1884 1067 1906 ,
1117 1848 1181 1895 ita
1215 1845 1488 1896 desiderium
1526 1847 1577 1895 &
1615 1847 1865 1896 delectatio
1902 1862 1961 1896 ex
2000 1851 2259 1898 amaenitate
2299 1850 2422 1910 inde,

420 1933 586 1981 nempe
623 1931 681 1963 ex
718 1931 862 1972 vero3
897 1930 1004 1963 nam
1040 1926 1094 1962 ut
1132 1914 1181 1961 in
1219 1913 1325 1962 loco
1356 1914 1502 1964 citato
1530 1914 1714 1962 dietum
1743 1914 1824 1973 est,
1858 1925 1966 1963 vera
2007 1916 2054 1964 in
2101 1917 2301 1981 naturale
2341 1917 2425 1966 ho-

420 1985 556 2033 minis
595 1981 946 2032 introducuntur
980 1996 1062 2045 per
1099 1995 1276 2028 amaena
1312 1979 1355 2028 ei
1393 1982 1723 2040 convenientia,
1771 1982 1822 2030 δε
1861 1997 1970 2047 quae
2004 1998 2095 2030 non
2132 2000 2213 2048 per
2249 2000 2426 2033 arnaena

421 2049 680 2099 introducta
717 2047 837 2106 sunt,
886 2063 983 2095 non·
1017 2045 1254 2104 inhaeoent,
1305 2047 1373 2093 ita
1392 2063 1486 2095 ¹nec
1524 2046 1869 2112 conjunguntur
1900 2049 2128 2098 Rationali
2164 2067 2247 2115 per
2278 2068 2423 2100 corre-

422 2115 767 2181 spondentiam:
803 2115 940 2162 etiam
959 2113 1100 2170 Vera,
1133 2111 1248 2159 ficut
1281 2114 1439 2160 omnia
1473 2112 1556 2160 alia
1590 2113 1849 2172 scientifica,
1884 2115 2040 2164 locum
2077 2116 2208 2166 suurn
2242 2118 2289 2165 in
2328 2134 2425 2166 me-

425 2183 585 2241 moria,
619 2197 727 2246 quae
754 2180 836 2229 est‘
855 2179 1064 2228 naturalis
1097 2178 1312 2237 hominis,
1347 2177 1594 2242 sortiuntur
1631 2179 1881 2227 secundum
1912 2198 2088 2230 amaena
2125 2185 2174 2231 δι
2200 2182 2426 2247 jucunda,

423 2266 531 2315 quae
554 2245 928 2304 introduxerunt,
954 2258 1006 2294 ut
1045 2256 1170 2310 patet
1207 2260 1264 2306 ex
1300 2260 1381 2302 e0‚.
1406 2244 1535 2308 quod
1572 2260 1683 2293 cum
1710 2260 1886 2293 amaena
1925 2248 1974 2294 &
2014 2245 2220 2308 jucunda.
2250 2252 2325 2298 illa
2357 2268 2426 2298 re·

424 2317 586 2373 deum,
619 2317 757 2362 etiam
780 2330 882 2370 ress
900 2329 1008 2376 quae
1030 2328 1112 2376 per
1132 2311 1210 2360 illa
1246 2310 1521 2359 introdufikae
1545 2311 1663 2370 sunt,
1697 2311 1896 2369 redeant,
1931 2312 1981 2359 &
2004 2329 2188 2378 quoque
2211 2317 2427 2373 ‘viciflim‚

425 2397 535 2431 cum
559 2397 627 2428 res
650 2391 934 2437 revocantur,
969 2379 1106 2426 etiam
1120 2376 1328 2442 jucunda
1360 2377 1433 2426 seu
1467 2393 1662 2437 amaena,
1698 2378 1864 2442 quibus
1885 2376 2114 2448 adjunfiae
2137 2380 2254 2438 sunt,
2288 2383 2426 2430 simul

426 2449 691 2497 excitentur.
797 2447 800 2450 ⁴
1495 2468 1498 2472 ¹

499 2533 523 2578 3
531 2509 640 2578 5132
676 2513 743 2561 Et
771 2513 923 2570 edam,
956 2511 1083 2575 quod
1106 2510 1329 2575 fignificet
1358 2511 1771 2576 appropriationem
1802 2512 1879 2569 ita,
1914 2511 2089 2560 constat
2119 2528 2182 2560 ex:
2201 2514 2423 2578 fignifica-

427 2582 551 2629 tione
596 2579 744 2637 edere,
791 2578 920 2643 quod
960 2579 1015 2625 fit
1051 2578 1346 2643 appropriari,
1393 2579 1452 2642 de
1485 2586 1578 2642 qua
1610 2595 1676 2627 n:
1703 2583 1846 2643 2187.
1892 2596 2035 2643 2343.
2080 2580 2220 2643 3168.
2258 2598 2423 2646 35033

428 2647 733 2712 appropriatio
755 2645 827 2703 fit,
861 2660 972 2692 cum
994 2660 1075 2708 per
1096 2659 1278 2692 amoena
1311 2645 1361 2692 ὅτ
1385 2643 1661 2693 delectabilia
1692 2645 1968 2692 insinuantur
2000 2661 2119 2703 vera,
2155 2645 2230 2695 seu
2263 2651 2423 2711 cogni-

388 2725 394 2730 “
429 2717 575 2762 tiones
598 2713 706 2759 boni
729 2712 778 2760 δε
802 2713 914 2768 veri,
940 2712 996 2757 vin
1018 2710 1231 2767 naturale,
1255 2711 1307 2758 ὅτ
1328 2725 1438 2758 cum
1462 2709 1567 2775 haec¹
1583 2727 1695 2759 vera*
1711 2709 2022 2775 adjunguntur
2051 2711 2276 2771 bonoibi,
2312 2729 2424 2761 tunc
2448 2706 2452 2709 ’

431 2781 487 2828 fit
524 2779 882 2828 communicatio
916 2793 1032 2826 cum·
1064 2793 1175 2824 vero
1214 2776 1269 2824 ὅτι
1300 2776 1434 2825 bono·
1459 2777 1728 2835 Rationalis,
1775 2780 1836 2825 ita
1883 2794 1993 2825 cum
2031 2780 2275 2837 Rationali‚
2325 2781 2425 2828 haec

431 2845 788 2894 communicatio
824 2843 888 2891 est
920 2859 1029 2909 quae
1063 2854 1255 2906 vocatur
1287 2845 1609 2908 appropriatio,
1646 2860 1750 2892 nam
1789 2843 1892 2891 sunt
1914 2845 2163 2893 Rationalis
2197 2848 2243 2893 in
2273 2848 2423 2894 Natu·

435 2912 547 2967 rali;
585 2927 692 2976 quae
725 2912 849 2958 enim
882 2911 929 2957 in
950 2910 1179 2959 Rationali
1210 2909 1312 2957 sunt
1350 2910 1392 2957 se
1424 2910 1592 2958 habent
1621 2910 1678 2958 ad
1718 2910 1808 2973 illa,
1829 2927 1936 2975 quae
1974 2913 2022 2959 in
2046 2913 2278 2969 Naturali,
2315 2914 2430 2961 sicut:

436 2978 718 3041 particularia
754 2977 812 3039 ad
848 2978 1111 3024 communia
1129 2997 1147 3032 ς
1181 2989 1346 3024 notum
1383 2977 1465 3035 est,
1499 2977 1626 3041 quod
1659 2993 1720 3024 ex
1741 2978 2082 3041 particularibus
2114 2978 2270 3027 existat
2297 2996 2423 3027 com-

438 3059 593 3101 mune,
628 3045 679 3091 ὅτ
716 3042 843 3108 quod
876 3041 1039 3107 absque
1076 3043 1416 3107 particularibus
1440 3059 1533 3090 non
1567 3043 1727 3091 existat
1761 3044 1944 3107 aliquod
1977 3060 2256 3101 commune3
2296 3062 2430 3092 corn-

438 3109 578 3155 mune
597 3109 933 3171 particularium
951 3109 1200 3157 Rationalis
1222 3109 1286 3156 est
1308 3110 1437 3172 quod
1459 3108 1623 3157 sistitur
1645 3110 1691 3157 in
1713 3110 1921 3157 Naturali
1941 3133 1963 3165 ;·
1981 3111 2028 3157 δι
2054 3112 2159 3173 quia
2181 3127 2425 3157 commune

438 3172 521 3231 est,
556 3171 639 3222 sub
656 3174 752 3226 „alia
779 3173 929 3225 forma
966 3178 1164 3242 apparet,
1199 3176 1247 3226 &
1274 3175 1359 3225 hoc
1392 3176 1639 3239 secundum
1669 3175 1878 3226 ordinem
1902 3176 2238 3242 particularium
2262 3175 2431 3222 consti--

1200 3250 1207 3256 '
1466 3259 1470 3262 ·
2182 3244 2434 3299 tuentium,
