2872 3730
480 223 622 303 38·
907 170 1955 287 'GENESIR

476 345 614 389 etiam
654 343 780 390 Deus
828 342 1099 406 glorificabit
1135 341 1289 406 Ipsum
1330 341 1377 388 in
1417 342 1473 389 Se
1507 340 1628 405 Ips0,
1673 341 1729 388 -&
1769 339 1916 389 statim
1957 338 2228 404 glorificabit
2267 339 2478 405 Ipsum,”

480 425 576 456 xm
601 427 612 456 ε
642 427 715 472 31·
746 427 820 473 32.
859 409 929 456 Ut
952 409 1159 456 distin&a
1182 410 1281 456 idea
1302 409 1565 456 arcaniffimi
1598 404 1732 471 hujus
1764 408 1991 463 habeatur,
2029 407 2132 455 licet
2154 408 2329 455 Verum
2354 409 2479 472 apud

481 476 760 532 Dominum,
796 476 923 538 quod
961 477 1120 523 tentari
1160 477 1328 539 potuit,
1366 475 1413 522 &
1439 474 1567 539 quod
1590 473 1723 522 subiit
1760 476 2041 531 tentationes,
2077 474 2298 538 appellare
2322 478 2479 526 Verum

481 541 695 589 Divinum
719 544 764 589 in
788 544 984 590 Humano
1009 545 1176 590 Divino
1202 543 1394 598 Domini,
1430 554 1476 590 at
1498 541 1675 589 Verum
1711 541 1839 605 quod
1874 557 1966 588 non
2003 543 2160 588 tentari
2199 543 2368 605 potuit,
2400 542 2477 591 ,seu

480 607 678 670 aliquam
725 609 1017 656 tentationem
1065 607 1225 665 subire,
1278 609 1385 671 quia
1428 607 1754 670 glorificatum,
1813 607 2032 671 appellare
2070 610 2285 656 Divinum
2322 611 2478 657 Verum

467 675 524 734 'in
549 675 714 722 Divino
740 677 938 723 Humano
962 676 1138 724 Domini
1157 696 1173 729 3
1209 687 1261 722 ut
1299 689 1484 738 quoque
1523 675 1571 721 in
1611 673 1974 722 antecedentibus
2006 676 2166 738 paffirn
2187 673 2250 722 est
2271 673 2476 724 observa-

480 753 597 788 tum.

549 814 692 870 2815.
728 807 847 854 Vers
859 826 869 856 :
905 825 975 857 10.
1031 809 1094 855 Et
1128 807 1239 868 mistt
1261 807 1487 855 Abraham
1522 822 1692 854 manum
1721 807 1866 870 fitam,
1901 806 1957 856 δέ
1993 809 2152 869 accepit
2187 807 2385 865 cultrum,
2420 808 2481 856 ad

477 873 744 921 mafflandum
765 873 907 933 filium
932 875 1072 937 suum.
1143 873 1275 921 Misit
1307 871 1542 921 Abraham
1581 888 1770 920 manum
1809 871 1951 930 suam,
2002 873 2224 936 fignificat
2266 876 2476 922 tentatio-

478 957 582 987 nem
608 940 745 1003 usque
778 940 833 987 ad
866 940 1082 988 ultimum
1117 941 1368 1003 potentiae:
1405 940 1455 987 &
1496 941 1668 1003 accepit
1707 939 1926 996 cultrum,
1962 937 2186 1003 fignificat
2206 940 2358 1003 quoad
2381 941 2474 988 Ve·‘

478 1022 611 1054 rum:
650 1006 705 1052 ad
733 1006 1025 1054 mactandum
1049 1006 1200 1053 filium
1222 1005 1373 1063 suum,
1409 1005 1631 1069 significat
1667 1004 1808 1070 usque
1844 1006 1960 1053 dum
1994 1017 2232 1054 mortuum
2255 1006 2475 1071 quicquid

479 1088 534 1119 ex
560 1089 680 1120 mere
703 1072 916 1120 humano.
1118 1126 1121 1130 ,

539 1140 690 1187 2816.
729 1137 860 1185 Mifit
885 1137 1118 1185 Abraham
1143 1153 1332 1186 manum
1361 1137 1502 1194 suam,
1537 1138 1666 1201 quod
1688 1137 1911 1201 fignificet
1933 1139 2230 1186 tentationem
2255 1137 2396 1203 usque
2416 1139 2474 1187 ad

477 1203 693 1252 ultimum
718 1205 950 1267 potentiae‚
987 1203 1160 1251 constat
1181 1219 1238 1250 ex
1271 1219 1423 1250 rerum
1460 1201 1565 1250 serie
1585 1225 1599 1259 ;
1636 1206 1787 1266 agitur
1808 1206 1934 1251 enim
1957 1204 2015 1251 de
2039 1205 2308 1266 graviffimis
2329 1206 2379 1253 &
2403 1206 2473 1252 in·

474 1271 598 1318 timis
641 1269 963 1317 tentationibus
1001 1270 1226 1324 Domini,
1279 1271 1325 1316 in
1348 1268 1562 1316 Versibus
1599 1271 1679 1332 qui
1719 1269 1999 1332 praecedunt,
2053 1269 2110 1316 de
2149 1271 2478 1334 praeparatione³
2540 1300 2545 1309 -

471 1337 686 1384 Humani
709 1337 868 1384 Divini
898 1337 956 1383 ad
989 1335 1085 1383 illas
1122 1335 1425 1383 admittendas
1450 1336 1499 1382 δε
1524 1334 1815 1393 sustinendas,
1851 1335 1924 1383 hic
1962 1335 2020 1383 de
2059 1335 2178 1392 adiu,
2213 1351 2295 1400 qui
2319 1339 2469 1400 expri-

471 1404 616 1450 mitur
654 1404 699 1449 in
740 1401 861 1449 sensu
895 1403 1054 1459 literae,
1090 1418 1170 1466 per
1202 1402 1331 1467 quod
1369 1399 1536 1449 miserit
1560 1401 1795 1450 Abraham
1833 1418 2021 1449 manum
2063 1400 2221 1458 suam;
2257 1417 2338 1466 per
2370 1416 2468 1452 ma·

470 1481 583 1516 num
623 1468 749 1532 quod
790 1469 1064 1532 significetur
1103 1469 1319 1533 potentia,
1355 1468 1562 1515 videatur
1603 1485 1659 1516 n:
1691 1472 1802 1534 878,
1854 1468 1927 1516 hic
1967 1468 2186 1515 ultimum
2232 1469 2468 1531 potentiae,

469 1537 574 1599 quia
615 1535 725 1582 nihil
766 1535 845 1582 nifi
885 1551 1022 1598 quam
1061 1535 1183 1582 actus
1221 1535 1379 1582 defuit.
1451 1535 1716 1582 Secundum
1758 1532 1933 1582 sensum
1967 1536 2195 1581 internum
2226 1532 2306 1590 est,
2341 1536 2469 1602 quod

469 1602 697 1647 Divinum
721 1602 914 1647 Domini
938 1600 1166 1647 induxerit
1189 1601 1469 1648 Humanum
1510 1600 1556 1646 in
1580 1600 1858 1662 gravissimas
1894 1600 2178 1655 tentationeS,
2213 1615 2294 1663 per
2317 1600 2466 1648 Abra-

467 1666 660 1714 hamum
700 1667 823 1713 enim
865 1666 1131 1730 intelligitur
1153 1667 1385 1714 Dominus
1421 1665 1571 1729 quoad
1593 1666 1857 1721 Divinum·,
1894 1666 1943 1712 ὅτ
1968 1665 2055 1712 hoc
2089 1663 2229 1729 usque
2265 1665 2321 1713 ad
2358 1666 2466 1715 ulti4

468 1749 602 1781 mum
627 1734 882 1796 potentiae3
917 1733 1004 1780 hoc
1045 1734 1106 1779 ita
1140 1731 1179 1780 se
1218 1731 1366 1789 habet,
1402 1732 1528 1796 quod
1552 1733 1784 1780 Dominus
1827 1731 2055 1783 admiserit
2083 1732 2377 1782 Tentationes
2416 1734 2465 1781 in

469 1800 543 1855 Se,
582 1812 632 1846 ut
656 1799 894 1862 expelleret
918 1799 1022 1845 inde
1056 1814 1193 1846 omne
1232 1798 1359 1862 quod
1394 1813 1514 1845 mere
1550 1797 1803 1846 humanum
1842 1798 1961 1855 effet,
1997 1799 2047 1846 &
2072 1797 2158 1845 hoc
2182 1797 2322 1863 usque
2344 1798 2462 1848 dum

467 1866 577 1913 nihil
616 1865 695 1912 nisi
733 1881 871 1928 quam
909 1866 1136 1912 Divinum
1178 1864 1445 1928 superessem
1476 1864 1604 1928 quod
1626 1866 1858 1912 Dominus
1897 1863 2124 1912 admiserit
2163 1865 2210 1912 in
2234 1865 2291 1912 Se
2314 1875 2459 1913 tenta-

466 1932 624 1988 tiones,
661 1932 793 1978 etiam
829 1931 1056 1987 ultimam,
1092 1946 1198 1994 quae
1237 1943 1329 1978 erat
1367 1933 1529 1988 cruciS,
1566 1930 1764 1979 constare
1809 1930 1955 1995 potest
1998 1930 2054 1978 ab
2095 1930 2235 1994 Ipsius
2268 1931 2463 1979 Domini

464 1999 630 2054 verbis,
667 1998 788 2061 apud
813 1997 1108 2055 Matthaeum‚
1147 2002 1181 2024 “
1204 1998 1357 2061 Caepit
1380 1996 1508 2059 Jesus
1530 1997 1760 2046 ostendere
1783 1996 2032 2061 discipulis,
2067 1997 2193 2061 quod
2233 2008 2461 2061 oporteret

463 2063 619 2128 Ipsum
658 2064 802 2111 multa
835 2065 944 2126 pati,
981 2065 1030 2112 &
1053 2063 1230 2112 occidi:
1269 2076 1379 2111 tunc
1417 2064 1472 2111 ad
1515 2063 1556 2111 se
1595 2065 1814 2129 accipiens
1840 2062 1994 2128 Ipsum
2017 2063 2195 2120 Petrus,
2230 2064 2369 2126 caepit
2390 2063 2460 2110 in-

462 2146 640 2194 crepare
665 2129 795 2177 illum
827 2130 997 2187 dicens,
1033 2146 1166 2193 parce
1189 2130 1301 2177 Tibi
1325 2131 1546 2187 Domine,
1579 2142 1631 2177 ut
1669 2147 1762 2178 non
1804 2129 1882 2178 fiat
1922 2128 2034 2177 Tibi
2069 2128 2187 2184 hoc;
2223 2128 2326 2193 Ipse.
2346 2145 2458 2179 vero

462 2195 701 2244 conversus
742 2197 859 2244 dixit
898 2198 1050 2253 Petro,
1088 2196 1157 2243 abi
1198 2196 1299 2259 post
1339 2197 1441 2253 Me,
1478 2196 1636 2252 satana,
1673 2195 1931 2243 scandalum
1970 2195 2095 2242 Mihi
2130 2210 2193 2252 es,
2226 2196 2337 2258 quia
2361 2211 2455 2244 non

394 2284 397 2290 ¹
461 2262 572 2325 sapis
597 2279 646 2310 ea
667 2278 772 2326 quae
797 2262 883 2309 Dei
908 2261 1024 2319 sunt,
1064 2262 1135 2309 sed
1158 2278 1265 2325 quae
1287 2262 1530 2309 hominum
1563 2260 1714 2319 sunt,'’
1750 2276 1870 2310 xvi:
1901 2279 1976 2311 21.
2005 2277 2080 2310 22.
2110 2277 2199 2326 23:
2238 2263 2288 2308 ὅτ
2312 2263 2457 2309 mani·

461 2327 613 2375 festius
646 2328 767 2391 apud
791 2328 1064 2389 Johannem,
1103 2333 1136 2355 “
1159 2329 1318 2375 Nemo
1353 2329 1481 2376 tollet
1517 2329 1717 2375 animam
1757 2344 1781 2375 a
1814 2328 1916 2384 Me,
1951 2326 2025 2374 sed
2047 2327 2155 2390 Ego
2174 2341 2299 2390 pono
2322 2343 2348 2373 a
2371 2329 2456 2376 Me

459 2394 579 2457 Ipso,
617 2394 882 2457 potestatem
917 2395 1024 2457 Ego
1061 2394 1204 2441 habeo
1243 2395 1442 2457 ponendi
1476 2410 1594 2453 eam,
1629 2393 1968 2457 &potestatem
1992 2393 2133 2440 habeo
2167 2389 2316 2439 rursus
2338 2393 2458 2442 acci·-

457 2461 614 2524 piendi
647 2462 795 2516 eam,''
831 2477 888 2507 x:
917 2464 1006 2516 18;
1045 2461 1093 2507 &
1132 2461 1255 2523 apud
1277 2461 1475 2516 Lucam,
1514 2464 1547 2485 “
1572 2460 1741 2507 Nonne
1777 2459 1877 2507 haec
1913 2458 2150 2522 oportebat
2189 2458 2284 2520 pati
2319 2458 2452 2506 Chri-

457 2526 594 2582 stum,
632 2528 679 2573 &
705 2526 881 2589 ingredi
905 2527 949 2572 in
973 2526 1166 2589 gloriam
1193 2525 1366 2581 suam‚''
1401 2541 1555 2572 xxiv:
1583 2526 1660 2573 26.
2071 2568 2078 2573 .

524 2597 665 2654 2817.
704 2593 767 2638 Et
791 2593 962 2653 accepit
989 2591 1206 2646 cultrum,
1242 2591 1369 2653 quod
1394 2590 1614 2652 significet
1645 2589 1797 2651 quoad
1820 2604 2000 2645 verum,
2037 2586 2209 2635 constat
2232 2603 2289 2634 ex
2310 2588 2448 2652 figni-

454 2658 660 2704 ficatione
683 2657 833 2712 cultri,
870 2656 996 2719 quod
1018 2657 1070 2702 fit
1094 2672 1254 2702 verum
1278 2655 1401 2711 fidei,
1438 2655 1494 2701 de
1523 2669 1612 2717 qua
1639 2651 1769 2717 supra
1793 2671 1849 2702 n:
1879 2670 2039 2719 2799;
2076 2658 2123 2706 &
2146 2653 2272 2717 quod
2303 2665 2448 2711 tenta-

450 2725 517 2772 tio
540 2723 733 2769 Domini
750 2721 902 2769 xfuerit
934 2721 1086 2784 quoad
1108 2720 1284 2767 Verum
1308 2721 1555 2776 Divinum,
1592 2737 1650 2768 n:
1681 2725 1822 2782 2813.
1845 2724 1987 2780 2814.

519 2793 660 2837 2818.
699 2788 779 2835 Ad
806 2788 1095 2838 mactandum
1119 2787 1268 2834 filium
1293 2786 1440 2842 suum,
1476 2787 1601 2849 quod
1636 2786 1855 2850 significet
1893 2785 2032 2850 usque
2063 2786 2178 2833 dum
2204 2798 2443 2836 mortuum

449 2855 668 2919 quicquid
695 2870 750 2900 ex
774 2860 894 2900 mere
916 2853 1135 2909 humano,
1172 2853 1368 2900 constare
1392 2852 1538 2916 potest
1567 2869 1623 2900 ex
1647 2852 1768 2905 sensu
1794 2854 1968 2901 interno
1991 2853 2154 2900 horum
2179 2853 2442 2912 verborum,

446 2921 701 2984 significant
738 2921 860 2967 enim
898 2922 1174 2983 gravissimas
1212 2921 1261 2967 δε
1295 2921 1476 2967 intimas
1517 2921 1782 2966 tentationes
1805 2920 2014 2976 Domini,
2049 2935 2243 2983 quarum
2283 2919 2443 2968 ultima

442 2986 530 3034 fuit
552 2988 727 3042 C'rucis,
764 2988 810 3032 in
833 3002 922 3049 qua
943 2986 1070 3049 quod
1106 3001 1226 3031 mere
1263 2987 1516 3033 humanum
1553 2987 1690 3034 etiam
1729 2999 1964 3033 mortuum
2004 2986 2074 3042 fit,
2110 2985 2314 3041 constat·;
2350 2985 2439 3034 hoc

438 3070 530 3101 non
568 3055 718 3116 potuit
757 3052 1037 3115 representari
1076 3068 1155 3116 per
1195 3052 1341 3100 filium
1368 3052 1618 3100 Abrahami
1643 3052 1714 3099 seu
1739 3052 2023 3114 Jischakum,
2057 3053 2163 3115 quia
2196 3050 2436 3100 sacrificare

439 3120 557 3168 filios
582 3119 857 3168 abominatio
881 3116 985 3176 fuit,
1022 3118 1096 3166 sed
1118 3131 1341 3183 quantum
1365 3120 1533 3184 potuit,
1570 3119 1943 3183 repraesentatum
1966 3116 2071 3176 fuit,
2106 3133 2273 3182 nempe
2296 3116 2437 3232 usquctlae

2376 3200 2401 3232 a
