<?xml version="1.0" encoding="UTF-8"?>
<!DOCTYPE html PUBLIC "-//W3C//DTD XHTML 1.0 Transitional//EN"
    "http://www.w3.org/TR/xhtml1/DTD/xhtml1-transitional.dtd">
<html xmlns="http://www.w3.org/1999/xhtml" xml:lang="en" lang="en">
 <head>
  <title>
</title>
<meta http-equiv="Content-Type" content="text/html;charset=utf-8" />
  <meta name='ocr-system' content='tesseract 3.04.00' />
  <meta name='ocr-capabilities' content='ocr_page ocr_carea ocr_par ocr_line ocrx_word'/>
</head>
<body>
  <div class='ocr_page' id='page_1' title='image "arcanacaelestiaq03sweduoft_0067.png"; bbox 0 0 2872 3730; ppageno 0'>
   <div class='ocr_carea' id='block_1_1' title="bbox 539 186 2352 293">
    <p class='ocr_par' dir='ltr' id='par_1_1' title="bbox 539 186 2352 293">
     <span class='ocr_line' id='line_1_1' title="bbox 539 186 2352 293; baseline -0.006 -30"><span class='ocrx_word' id='word_1_1' title='bbox 539 186 882 263; x_wconf 84' lang='lat' dir='ltr'><strong>CAPUT</strong></span> <span class='ocrx_word' id='word_1_2' title='bbox 929 196 1500 293; x_wconf 79' lang='lat' dir='ltr'>VIGESIMUM</span> <span class='ocrx_word' id='word_1_3' title='bbox 1554 195 2152 256; x_wconf 80' lang='lat' dir='ltr'>SECUNDUM.</span> <span class='ocrx_word' id='word_1_4' title='bbox 2267 188 2352 272; x_wconf 83' lang='lat'>63</span> 
     </span>
    </p>
   </div>
   <div class='ocr_carea' id='block_1_2' title="bbox 345 313 2350 1450">
    <p class='ocr_par' dir='ltr' id='par_1_2' title="bbox 346 313 2350 852">
     <span class='ocr_line' id='line_1_2' title="bbox 423 313 2347 391; baseline -0.002 -17"><span class='ocrx_word' id='word_1_5' title='bbox 423 328 550 391; x_wconf 87' lang='lat'><strong>2849</strong></span> <span class='ocrx_word' id='word_1_6' title='bbox 587 325 832 389; x_wconf 87' lang='lat' dir='ltr'><strong>Tanquam</strong></span> <span class='ocrx_word' id='word_1_7' title='bbox 866 321 1009 371; x_wconf 85' lang='lat' dir='ltr'>stellas</span> <span class='ocrx_word' id='word_1_8' title='bbox 1042 321 1288 379; x_wconf 74' lang='lat' dir='ltr'>coelorum,</span> <span class='ocrx_word' id='word_1_9' title='bbox 1326 320 1454 385; x_wconf 92' lang='lat' dir='ltr'>quod</span> <span class='ocrx_word' id='word_1_10' title='bbox 1484 313 1720 384; x_wconf 25' lang='lat' dir='ltr'>*fignificet</span> <span class='ocrx_word' id='word_1_11' title='bbox 1754 321 2098 369; x_wconf 86' lang='lat' dir='ltr'>multitudinem</span> <span class='ocrx_word' id='word_1_12' title='bbox 2122 324 2347 386; x_wconf 87' lang='lat' dir='ltr'>cognitio-</span> 
     </span>
     <span class='ocr_line' id='line_1_3' title="bbox 351 387 2346 451; baseline -0.001 -13"><span class='ocrx_word' id='word_1_13' title='bbox 351 405 466 438; x_wconf 87' lang='lat' dir='ltr'>num</span> <span class='ocrx_word' id='word_1_14' title='bbox 489 392 598 440; x_wconf 90' lang='lat' dir='ltr'>boni</span> <span class='ocrx_word' id='word_1_15' title='bbox 634 393 683 440; x_wconf 73' lang='grc' dir='ltr'>δε</span> <span class='ocrx_word' id='word_1_16' title='bbox 707 392 819 448; x_wconf 88' lang='lat' dir='ltr'>veri,</span> <span class='ocrx_word' id='word_1_17' title='bbox 853 387 1025 438; x_wconf 80' lang='lat' dir='ltr'>constat</span> <span class='ocrx_word' id='word_1_18' title='bbox 1063 403 1121 436; x_wconf 84' lang='lat' dir='ltr'>ex</span> <span class='ocrx_word' id='word_1_19' title='bbox 1158 388 1482 451; x_wconf 71' lang='lat' dir='ltr'>significatione</span> <span class='ocrx_word' id='word_1_20' title='bbox 1515 387 1923 451; x_wconf 27' lang='lat' dir='ltr'>stellarum,xquod</span> <span class='ocrx_word' id='word_1_21' title='bbox 1958 388 2044 434; x_wconf 79' lang='lat' dir='ltr'>sint</span> <span class='ocrx_word' id='word_1_22' title='bbox 2066 392 2346 451; x_wconf 78' lang='lat' dir='ltr'>cognitiones</span> 
     </span>
     <span class='ocr_line' id='line_1_4' title="bbox 348 453 2345 520; baseline -0.001 -16"><span class='ocrx_word' id='word_1_23' title='bbox 348 456 458 504; x_wconf 90' lang='lat' dir='ltr'>boni</span> <span class='ocrx_word' id='word_1_24' title='bbox 478 458 530 505; x_wconf 76' lang='grc' dir='ltr'>δι’</span> <span class='ocrx_word' id='word_1_25' title='bbox 554 458 665 514; x_wconf 88' lang='lat' dir='ltr'>veri,</span> <span class='ocrx_word' id='word_1_26' title='bbox 702 456 760 505; x_wconf 89' lang='lat' dir='ltr'>de</span> <span class='ocrx_word' id='word_1_27' title='bbox 794 471 887 520; x_wconf 85' lang='lat' dir='ltr'>qua</span> <span class='ocrx_word' id='word_1_28' title='bbox 918 471 978 503; x_wconf 87' lang='lat' dir='ltr'>n:</span> <span class='ocrx_word' id='word_1_29' title='bbox 1006 458 1144 504; x_wconf 87' lang='lat'>1808.</span> <span class='ocrx_word' id='word_1_30' title='bbox 1181 470 1325 519; x_wconf 86' lang='lat'>2495.</span> <span class='ocrx_word' id='word_1_31' title='bbox 1396 454 1660 517; x_wconf 90' lang='lat' dir='ltr'>Spirituales</span> <span class='ocrx_word' id='word_1_32' title='bbox 1693 453 1812 509; x_wconf 91' lang='lat' dir='ltr'>sunt,</span> <span class='ocrx_word' id='word_1_33' title='bbox 1836 455 1918 516; x_wconf 89' lang='lat' dir='ltr'>qui</span> <span class='ocrx_word' id='word_1_34' title='bbox 1940 455 1985 500; x_wconf 90' lang='lat' dir='ltr'>in</span> <span class='ocrx_word' id='word_1_35' title='bbox 2010 453 2167 501; x_wconf 89' lang='lat' dir='ltr'>Verbo</span> <span class='ocrx_word' id='word_1_36' title='bbox 2188 458 2345 518; x_wconf 80' lang='lat' dir='ltr'>passim</span> 
     </span>
     <span class='ocr_line' id='line_1_5' title="bbox 346 519 2345 586; baseline -0.002 -15"><span class='ocrx_word' id='word_1_37' title='bbox 346 535 669 586; x_wconf 84' lang='lat' dir='ltr'>comparantur</span> <span class='ocrx_word' id='word_1_38' title='bbox 689 522 840 577; x_wconf 88' lang='lat' dir='ltr'>stellis,</span> <span class='ocrx_word' id='word_1_39' title='bbox 878 522 930 569; x_wconf 74' lang='grc' dir='ltr'>δε</span> <span class='ocrx_word' id='word_1_40' title='bbox 953 521 1042 569; x_wconf 90' lang='lat' dir='ltr'>hoc</span> <span class='ocrx_word' id='word_1_41' title='bbox 1071 537 1097 568; x_wconf 91' lang='lat' dir='ltr'>a</span> <span class='ocrx_word' id='word_1_42' title='bbox 1119 520 1458 584; x_wconf 87' lang='lat' dir='ltr'>cognitionibus</span> <span class='ocrx_word' id='word_1_43' title='bbox 1490 519 1601 567; x_wconf 90' lang='lat' dir='ltr'>boni</span> <span class='ocrx_word' id='word_1_44' title='bbox 1633 519 1683 567; x_wconf 77' lang='grc' dir='ltr'>ὅτ</span> <span class='ocrx_word' id='word_1_45' title='bbox 1706 521 1819 576; x_wconf 86' lang='lat' dir='ltr'>veri,</span> <span class='ocrx_word' id='word_1_46' title='bbox 1854 535 1962 582; x_wconf 73' lang='lat' dir='ltr'>quae</span> <span class='ocrx_word' id='word_1_47' title='bbox 1999 519 2102 575; x_wconf 86' lang='lat' dir='ltr'>illis,</span> <span class='ocrx_word' id='word_1_48' title='bbox 2143 537 2236 567; x_wconf 91' lang='lat' dir='ltr'>non</span> <span class='ocrx_word' id='word_1_49' title='bbox 2266 538 2345 568; x_wconf 91' lang='lat' dir='ltr'>au-</span> 
     </span>
     <span class='ocr_line' id='line_1_6' title="bbox 346 586 2347 652; baseline -0.001 -16"><span class='ocrx_word' id='word_1_50' title='bbox 346 602 444 637; x_wconf 89' lang='lat' dir='ltr'>tem</span> <span class='ocrx_word' id='word_1_51' title='bbox 468 588 688 646; x_wconf 78' lang='lat' dir='ltr'>coelesteS,</span> <span class='ocrx_word' id='word_1_52' title='bbox 725 589 832 652; x_wconf 86' lang='lat' dir='ltr'>quia</span> <span class='ocrx_word' id='word_1_53' title='bbox 865 587 933 636; x_wconf 90' lang='lat' dir='ltr'>his</span> <span class='ocrx_word' id='word_1_54' title='bbox 955 604 1048 636; x_wconf 90' lang='lat' dir='ltr'>non</span> <span class='ocrx_word' id='word_1_55' title='bbox 1071 588 1357 651; x_wconf 85' lang='lat' dir='ltr'>cognitiones</span> <span class='ocrx_word' id='word_1_56' title='bbox 1395 586 1473 634; x_wconf 88' lang='lat' dir='ltr'>sed</span> <span class='ocrx_word' id='word_1_57' title='bbox 1507 588 1849 650; x_wconf 87' lang='lat' dir='ltr'>perceptiones;</span> <span class='ocrx_word' id='word_1_58' title='bbox 1898 589 1948 636; x_wconf 86' lang='lat'>&amp;</span> <span class='ocrx_word' id='word_1_59' title='bbox 1986 598 2204 649; x_wconf 73' lang='lat' dir='ltr'>praeterea</span> <span class='ocrx_word' id='word_1_60' title='bbox 2242 589 2347 650; x_wconf 85' lang='lat' dir='ltr'>quia</span> 
     </span>
     <span class='ocr_line' id='line_1_7' title="bbox 346 651 2344 718; baseline -0.002 -15"><span class='ocrx_word' id='word_1_61' title='bbox 346 655 487 703; x_wconf 82' lang='lat' dir='ltr'>stellae</span> <span class='ocrx_word' id='word_1_62' title='bbox 507 654 766 703; x_wconf 89' lang='lat' dir='ltr'>illuminant</span> <span class='ocrx_word' id='word_1_63' title='bbox 788 655 989 710; x_wconf 63' lang='lat' dir='ltr'>noetem,</span> <span class='ocrx_word' id='word_1_64' title='bbox 1025 653 1089 702; x_wconf 89' lang='lat' dir='ltr'>est</span> <span class='ocrx_word' id='word_1_65' title='bbox 1119 655 1243 702; x_wconf 89' lang='lat' dir='ltr'>enim</span> <span class='ocrx_word' id='word_1_66' title='bbox 1267 652 1568 718; x_wconf 82' lang='lat' dir='ltr'>spiritualibus</span> <span class='ocrx_word' id='word_1_67' title='bbox 1590 652 1672 700; x_wconf 85' lang='lat' dir='ltr'>lux</span> <span class='ocrx_word' id='word_1_68' title='bbox 1695 653 1913 700; x_wconf 70' lang='lat' dir='ltr'>nocturna</span> <span class='ocrx_word' id='word_1_69' title='bbox 1934 651 2078 715; x_wconf 87' lang='lat' dir='ltr'>qualis</span> <span class='ocrx_word' id='word_1_70' title='bbox 2112 668 2137 699; x_wconf 92' lang='lat' dir='ltr'>a</span> <span class='ocrx_word' id='word_1_71' title='bbox 2158 652 2263 699; x_wconf 90' lang='lat' dir='ltr'>luna</span> <span class='ocrx_word' id='word_1_72' title='bbox 2295 653 2344 700; x_wconf 78' lang='grc' dir='ltr'>δε</span> 
     </span>
     <span class='ocr_line' id='line_1_8' title="bbox 347 716 2350 786; baseline -0.001 -17"><span class='ocrx_word' id='word_1_73' title='bbox 347 721 484 770; x_wconf 85' lang='lat' dir='ltr'>stellis</span> <span class='ocrx_word' id='word_1_74' title='bbox 507 716 749 785; x_wconf 69' lang='lat' dir='ltr'>respective</span> <span class='ocrx_word' id='word_1_75' title='bbox 771 721 830 770; x_wconf 92' lang='lat' dir='ltr'>ad</span> <span class='ocrx_word' id='word_1_76' title='bbox 853 722 1005 769; x_wconf 89' lang='lat' dir='ltr'>lucem</span> <span class='ocrx_word' id='word_1_77' title='bbox 1028 721 1241 769; x_wconf 88' lang='lat' dir='ltr'>diurnam</span> <span class='ocrx_word' id='word_1_78' title='bbox 1276 723 1324 768; x_wconf 91' lang='lat' dir='ltr'>in</span> <span class='ocrx_word' id='word_1_79' title='bbox 1346 736 1437 786; x_wconf 84' lang='lat' dir='ltr'>qua</span> <span class='ocrx_word' id='word_1_80' title='bbox 1469 719 1572 767; x_wconf 90' lang='lat' dir='ltr'>sunt</span> <span class='ocrx_word' id='word_1_81' title='bbox 1603 719 1844 775; x_wconf 87' lang='lat' dir='ltr'>coelestes;</span> <span class='ocrx_word' id='word_1_82' title='bbox 1881 719 2011 783; x_wconf 93' lang='lat' dir='ltr'>quod</span> <span class='ocrx_word' id='word_1_83' title='bbox 2046 718 2350 782; x_wconf 52' lang='lat' dir='ltr'>spiritualibus*</span> 
     </span>
     <span class='ocr_line' id='line_1_9' title="bbox 347 786 1834 852; baseline -0.003 -15"><span class='ocrx_word' id='word_1_84' title='bbox 347 786 592 837; x_wconf 88' lang='lat' dir='ltr'>obscurum</span> <span class='ocrx_word' id='word_1_85' title='bbox 615 787 875 852; x_wconf 77' lang='lat' dir='ltr'>respeffive,</span> <span class='ocrx_word' id='word_1_86' title='bbox 910 787 1120 835; x_wconf 86' lang='lat' dir='ltr'>videatur</span> <span class='ocrx_word' id='word_1_87' title='bbox 1153 805 1214 836; x_wconf 90' lang='lat' dir='ltr'>n:</span> <span class='ocrx_word' id='word_1_88' title='bbox 1241 804 1380 852; x_wconf 84' lang='lat'><em>1043.</em></span> <span class='ocrx_word' id='word_1_89' title='bbox 1422 791 1547 851; x_wconf 89' lang='lat'>2708</span> <span class='ocrx_word' id='word_1_90' title='bbox 1580 802 1666 850; x_wconf 89' lang='lat' dir='ltr'>pr:</span> <span class='ocrx_word' id='word_1_91' title='bbox 1688 802 1834 850; x_wconf 86' lang='lat'>2715.</span> 
     </span>
    </p>

    <p class='ocr_par' dir='ltr' id='par_1_3' title="bbox 345 851 2350 1450">
     <span class='ocr_line' id='line_1_10' title="bbox 416 851 2343 919; baseline -0.002 -16"><span class='ocrx_word' id='word_1_92' title='bbox 416 858 560 917; x_wconf 88' lang='lat'><strong>2850.</strong></span> <span class='ocrx_word' id='word_1_93' title='bbox 596 854 663 902; x_wconf 91' lang='lat' dir='ltr'>Et</span> <span class='ocrx_word' id='word_1_94' title='bbox 694 865 911 919; x_wconf 87' lang='lat' dir='ltr'>tanquam</span> <span class='ocrx_word' id='word_1_95' title='bbox 943 870 1123 902; x_wconf 87' lang='lat' dir='ltr'>arenam</span> <span class='ocrx_word' id='word_1_96' title='bbox 1159 869 1267 919; x_wconf 85' lang='lat' dir='ltr'>quae</span> <span class='ocrx_word' id='word_1_97' title='bbox 1300 853 1431 918; x_wconf 91' lang='lat' dir='ltr'>super</span> <span class='ocrx_word' id='word_1_98' title='bbox 1453 852 1584 900; x_wconf 89' lang='lat' dir='ltr'>litore</span> <span class='ocrx_word' id='word_1_99' title='bbox 1608 853 1762 910; x_wconf 91' lang='lat' dir='ltr'>maris,</span> <span class='ocrx_word' id='word_1_100' title='bbox 1801 851 1932 915; x_wconf 92' lang='lat' dir='ltr'>quod</span> <span class='ocrx_word' id='word_1_101' title='bbox 1966 851 2187 914; x_wconf 80' lang='lat' dir='ltr'>significet</span> <span class='ocrx_word' id='word_1_102' title='bbox 2224 852 2343 899; x_wconf 89' lang='lat' dir='ltr'>mul·</span> 
     </span>
     <span class='ocr_line' id='line_1_11' title="bbox 347 917 2344 984; baseline -0.002 -16"><span class='ocrx_word' id='word_1_103' title='bbox 347 920 594 969; x_wconf 87' lang='lat' dir='ltr'>titudinem</span> <span class='ocrx_word' id='word_1_104' title='bbox 629 918 982 969; x_wconf 88' lang='lat' dir='ltr'>scientificorum</span> <span class='ocrx_word' id='word_1_105' title='bbox 1020 919 1489 984; x_wconf 89' lang='lat' dir='ltr'>correspondentium,</span> <span class='ocrx_word' id='word_1_106' title='bbox 1543 919 1716 970; x_wconf 88' lang='lat' dir='ltr'>constat</span> <span class='ocrx_word' id='word_1_107' title='bbox 1745 933 1804 966; x_wconf 90' lang='lat' dir='ltr'>ex</span> <span class='ocrx_word' id='word_1_108' title='bbox 1833 917 2159 982; x_wconf 88' lang='lat' dir='ltr'>fignificatione</span> <span class='ocrx_word' id='word_1_109' title='bbox 2192 921 2344 976; x_wconf 88' lang='lat' dir='ltr'>maris,</span> 
     </span>
     <span class='ocr_line' id='line_1_12' title="bbox 345 985 2344 1052; baseline -0.001 -17"><span class='ocrx_word' id='word_1_110' title='bbox 345 986 475 1052; x_wconf 91' lang='lat' dir='ltr'>quod</span> <span class='ocrx_word' id='word_1_111' title='bbox 499 987 586 1035; x_wconf 89' lang='lat' dir='ltr'>fint</span> <span class='ocrx_word' id='word_1_112' title='bbox 608 985 847 1036; x_wconf 86' lang='lat' dir='ltr'>scientifica</span> <span class='ocrx_word' id='word_1_113' title='bbox 869 989 917 1035; x_wconf 89' lang='lat' dir='ltr'>in</span> <span class='ocrx_word' id='word_1_114' title='bbox 939 990 1180 1036; x_wconf 89' lang='lat' dir='ltr'>communi</span> <span class='ocrx_word' id='word_1_115' title='bbox 1203 987 1276 1035; x_wconf 91' lang='lat' dir='ltr'>seu</span> <span class='ocrx_word' id='word_1_116' title='bbox 1300 986 1598 1050; x_wconf 88' lang='lat' dir='ltr'>congregatio</span> <span class='ocrx_word' id='word_1_117' title='bbox 1619 1001 1796 1040; x_wconf 89' lang='lat' dir='ltr'>eorum,</span> <span class='ocrx_word' id='word_1_118' title='bbox 1822 985 1880 1032; x_wconf 93' lang='lat' dir='ltr'>de</span> <span class='ocrx_word' id='word_1_119' title='bbox 1900 1000 1992 1047; x_wconf 90' lang='lat' dir='ltr'>qua</span> <span class='ocrx_word' id='word_1_120' title='bbox 2014 1001 2072 1032; x_wconf 91' lang='lat' dir='ltr'>n:</span> <span class='ocrx_word' id='word_1_121' title='bbox 2095 989 2170 1034; x_wconf 87' lang='lat'>28.</span> <span class='ocrx_word' id='word_1_122' title='bbox 2199 992 2344 1041; x_wconf 86' lang='lat'>2120&#39;,</span> 
     </span>
     <span class='ocr_line' id='line_1_13' title="bbox 346 1050 2347 1119; baseline -0.001 -17"><span class='ocrx_word' id='word_1_123' title='bbox 346 1054 398 1102; x_wconf 75' lang='grc' dir='ltr'>ὅτ.</span> <span class='ocrx_word' id='word_1_124' title='bbox 421 1069 447 1101; x_wconf 91' lang='lat' dir='ltr'>a</span> <span class='ocrx_word' id='word_1_125' title='bbox 468 1053 794 1118; x_wconf 68' lang='lat' dir='ltr'>significatione</span> <span class='ocrx_word' id='word_1_126' title='bbox 824 1070 988 1112; x_wconf 83' lang='lat' dir='ltr'>arenae,</span> <span class='ocrx_word' id='word_1_127' title='bbox 1027 1053 1156 1119; x_wconf 91' lang='lat' dir='ltr'>quod</span> <span class='ocrx_word' id='word_1_128' title='bbox 1178 1053 1265 1102; x_wconf 78' lang='lat' dir='ltr'>sint</span> <span class='ocrx_word' id='word_1_129' title='bbox 1287 1053 1526 1101; x_wconf 88' lang='lat' dir='ltr'>scientifica</span> <span class='ocrx_word' id='word_1_130' title='bbox 1558 1054 1605 1100; x_wconf 89' lang='lat' dir='ltr'>in</span> <span class='ocrx_word' id='word_1_131' title='bbox 1638 1052 1781 1116; x_wconf 91' lang='lat' dir='ltr'>specie</span> <span class='ocrx_word' id='word_1_132' title='bbox 1803 1052 1854 1099; x_wconf 85' lang='lat'>&amp;</span> <span class='ocrx_word' id='word_1_133' title='bbox 1877 1052 2166 1115; x_wconf 75' lang='lat' dir='ltr'>particulari3</span> <span class='ocrx_word' id='word_1_134' title='bbox 2207 1050 2347 1099; x_wconf 87' lang='lat' dir='ltr'>scien·</span> 
     </span>
     <span class='ocr_line' id='line_1_14' title="bbox 347 1117 2348 1184; baseline -0.001 -16"><span class='ocrx_word' id='word_1_135' title='bbox 347 1119 473 1168; x_wconf 88' lang='lat' dir='ltr'>tifica</span> <span class='ocrx_word' id='word_1_136' title='bbox 507 1133 829 1184; x_wconf 88' lang='lat' dir='ltr'>comparantur</span> <span class='ocrx_word' id='word_1_137' title='bbox 851 1123 1042 1178; x_wconf 86' lang='lat' dir='ltr'>Arenae,</span> <span class='ocrx_word' id='word_1_138' title='bbox 1082 1121 1190 1184; x_wconf 91' lang='lat' dir='ltr'>quia</span> <span class='ocrx_word' id='word_1_139' title='bbox 1222 1119 1387 1184; x_wconf 67' lang='lat' dir='ltr'>lapelli,</span> <span class='ocrx_word' id='word_1_140' title='bbox 1427 1136 1485 1167; x_wconf 82' lang='lat' dir='ltr'>ex</span> <span class='ocrx_word' id='word_1_141' title='bbox 1521 1118 1690 1182; x_wconf 88' lang='lat' dir='ltr'>quibus</span> <span class='ocrx_word' id='word_1_142' title='bbox 1733 1134 1878 1174; x_wconf 86' lang='lat' dir='ltr'>arena,</span> <span class='ocrx_word' id='word_1_143' title='bbox 1925 1119 1972 1164; x_wconf 89' lang='lat' dir='ltr'>in</span> <span class='ocrx_word' id='word_1_144' title='bbox 2013 1117 2137 1165; x_wconf 89' lang='lat' dir='ltr'>sensu</span> <span class='ocrx_word' id='word_1_145' title='bbox 2172 1119 2348 1166; x_wconf 87' lang='lat' dir='ltr'>interno</span> 
     </span>
     <span class='ocr_line' id='line_1_15' title="bbox 348 1184 2348 1252; baseline -0.001 -19"><span class='ocrx_word' id='word_1_146' title='bbox 348 1184 453 1234; x_wconf 90' lang='lat' dir='ltr'>sunt</span> <span class='ocrx_word' id='word_1_147' title='bbox 487 1185 743 1244; x_wconf 89' lang='lat' dir='ltr'>scientifica,</span> <span class='ocrx_word' id='word_1_148' title='bbox 779 1203 841 1235; x_wconf 89' lang='lat' dir='ltr'>n:</span> <span class='ocrx_word' id='word_1_149' title='bbox 867 1188 978 1252; x_wconf 85' lang='lat'><em>643.</em></span> <span class='ocrx_word' id='word_1_150' title='bbox 1021 1191 1176 1251; x_wconf 86' lang='lat'>1298:</span> <span class='ocrx_word' id='word_1_151' title='bbox 1218 1200 1468 1250; x_wconf 90' lang='lat' dir='ltr'>utrumque</span> <span class='ocrx_word' id='word_1_152' title='bbox 1501 1184 1576 1232; x_wconf 91' lang='lat' dir='ltr'>hic</span> <span class='ocrx_word' id='word_1_153' title='bbox 1599 1185 1782 1241; x_wconf 89' lang='lat' dir='ltr'>dicitur,</span> <span class='ocrx_word' id='word_1_154' title='bbox 1824 1200 1990 1248; x_wconf 89' lang='lat' dir='ltr'>nempe</span> <span class='ocrx_word' id='word_1_155' title='bbox 2023 1184 2150 1248; x_wconf 88' lang='lat' dir='ltr'>quod</span> <span class='ocrx_word' id='word_1_156' title='bbox 2189 1185 2348 1232; x_wconf 89' lang='lat' dir='ltr'>multi·</span> 
     </span>
     <span class='ocr_line' id='line_1_16' title="bbox 349 1250 2348 1316; baseline 0 -17"><span class='ocrx_word' id='word_1_157' title='bbox 349 1251 640 1316; x_wconf 88' lang='lat' dir='ltr'>plicabuntur</span> <span class='ocrx_word' id='word_1_158' title='bbox 661 1252 774 1301; x_wconf 90' lang='lat' dir='ltr'>ficut</span> <span class='ocrx_word' id='word_1_159' title='bbox 796 1252 935 1303; x_wconf 85' lang='lat' dir='ltr'>stellae</span> <span class='ocrx_word' id='word_1_160' title='bbox 957 1253 1204 1311; x_wconf 89' lang='lat' dir='ltr'>coelorum,</span> <span class='ocrx_word' id='word_1_161' title='bbox 1239 1253 1290 1301; x_wconf 77' lang='grc' dir='ltr'>δε</span> <span class='ocrx_word' id='word_1_162' title='bbox 1314 1252 1427 1300; x_wconf 88' lang='lat' dir='ltr'>ficut</span> <span class='ocrx_word' id='word_1_163' title='bbox 1448 1267 1580 1300; x_wconf 87' lang='lat' dir='ltr'>arena</span> <span class='ocrx_word' id='word_1_164' title='bbox 1610 1251 1752 1299; x_wconf 91' lang='lat' dir='ltr'>litoris</span> <span class='ocrx_word' id='word_1_165' title='bbox 1775 1252 1927 1308; x_wconf 88' lang='lat' dir='ltr'>maris,</span> <span class='ocrx_word' id='word_1_166' title='bbox 1966 1252 2074 1314; x_wconf 90' lang='lat' dir='ltr'>quia</span> <span class='ocrx_word' id='word_1_167' title='bbox 2104 1250 2244 1298; x_wconf 87' lang='lat' dir='ltr'>stellae</span> <span class='ocrx_word' id='word_1_168' title='bbox 2275 1250 2348 1299; x_wconf 89' lang='lat' dir='ltr'>seu</span> 
     </span>
     <span class='ocr_line' id='line_1_17' title="bbox 349 1316 2350 1382; baseline -0 -16"><span class='ocrx_word' id='word_1_169' title='bbox 349 1319 636 1382; x_wconf 88' lang='lat' dir='ltr'>cognitiones</span> <span class='ocrx_word' id='word_1_170' title='bbox 656 1318 698 1366; x_wconf 85' lang='lat' dir='ltr'>se</span> <span class='ocrx_word' id='word_1_171' title='bbox 721 1317 920 1368; x_wconf 90' lang='lat' dir='ltr'>referunt</span> <span class='ocrx_word' id='word_1_172' title='bbox 940 1320 996 1368; x_wconf 88' lang='lat' dir='ltr'>ad</span> <span class='ocrx_word' id='word_1_173' title='bbox 1021 1318 1274 1377; x_wconf 89' lang='lat' dir='ltr'>Rationale,</span> <span class='ocrx_word' id='word_1_174' title='bbox 1314 1335 1445 1367; x_wconf 87' lang='lat' dir='ltr'>arena</span> <span class='ocrx_word' id='word_1_175' title='bbox 1467 1334 1577 1366; x_wconf 86' lang='lat' dir='ltr'>vero</span> <span class='ocrx_word' id='word_1_176' title='bbox 1598 1318 1742 1366; x_wconf 90' lang='lat' dir='ltr'>litoris</span> <span class='ocrx_word' id='word_1_177' title='bbox 1765 1316 1996 1365; x_wconf 46' lang='lat' dir='ltr'>marissseu</span> <span class='ocrx_word' id='word_1_178' title='bbox 2017 1316 2260 1366; x_wconf 88' lang='lat' dir='ltr'>scientifica</span> <span class='ocrx_word' id='word_1_179' title='bbox 2291 1318 2350 1365; x_wconf 90' lang='lat' dir='ltr'>ad</span> 
     </span>
     <span class='ocr_line' id='line_1_18' title="bbox 348 1383 2347 1450; baseline -0.001 -18"><span class='ocrx_word' id='word_1_180' title='bbox 348 1385 567 1433; x_wconf 84' lang='lat' dir='ltr'>Naturale</span> <span class='ocrx_word' id='word_1_181' title='bbox 587 1407 603 1441; x_wconf 66' lang='grc' dir='ltr'>ς</span> <span class='ocrx_word' id='word_1_182' title='bbox 641 1402 751 1434; x_wconf 90' lang='lat' dir='ltr'>cum</span> <span class='ocrx_word' id='word_1_183' title='bbox 772 1386 848 1434; x_wconf 89' lang='lat' dir='ltr'>illa</span> <span class='ocrx_word' id='word_1_184' title='bbox 868 1401 979 1450; x_wconf 83' lang='lat' dir='ltr'>quae</span> <span class='ocrx_word' id='word_1_185' title='bbox 1002 1385 1105 1433; x_wconf 92' lang='lat' dir='ltr'>sunt</span> <span class='ocrx_word' id='word_1_186' title='bbox 1128 1385 1355 1434; x_wconf 86' lang='lat' dir='ltr'>rationalis</span> <span class='ocrx_word' id='word_1_187' title='bbox 1378 1384 1595 1441; x_wconf 89' lang='lat' dir='ltr'>hominis,</span> <span class='ocrx_word' id='word_1_188' title='bbox 1636 1400 1803 1448; x_wconf 88' lang='lat' dir='ltr'>nempe</span> <span class='ocrx_word' id='word_1_189' title='bbox 1827 1383 1945 1432; x_wconf 91' lang='lat' dir='ltr'>bona</span> <span class='ocrx_word' id='word_1_190' title='bbox 1976 1384 2027 1432; x_wconf 75' lang='grc' dir='ltr'>δε</span> <span class='ocrx_word' id='word_1_191' title='bbox 2053 1401 2158 1432; x_wconf 90' lang='lat' dir='ltr'>vera</span> <span class='ocrx_word' id='word_1_192' title='bbox 2185 1386 2347 1448; x_wconf 87' lang='lat' dir='ltr'>cogni-</span> 
     </span>
    </p>
   </div>
   <div class='ocr_carea' id='block_1_3' title="bbox 267 1450 2348 1516">
    <p class='ocr_par' dir='ltr' id='par_1_4' title="bbox 267 1450 2348 1516">
     <span class='ocr_line' id='line_1_19' title="bbox 267 1450 2348 1516; baseline -0.001 -16"><span class='ocrx_word' id='word_1_193' title='bbox 267 1508 272 1512; x_wconf 39' lang='lat'>,</span> <span class='ocrx_word' id='word_1_194' title='bbox 349 1452 550 1508; x_wconf 89' lang='lat' dir='ltr'>tionum,</span> <span class='ocrx_word' id='word_1_195' title='bbox 585 1451 865 1500; x_wconf 85' lang='lat' dir='ltr'>concordant</span> <span class='ocrx_word' id='word_1_196' title='bbox 886 1468 996 1503; x_wconf 87' lang='lat' dir='ltr'>cum</span> <span class='ocrx_word' id='word_1_197' title='bbox 1022 1452 1110 1500; x_wconf 89' lang='lat' dir='ltr'>illis</span> <span class='ocrx_word' id='word_1_198' title='bbox 1134 1468 1241 1516; x_wconf 85' lang='lat' dir='ltr'>quae</span> <span class='ocrx_word' id='word_1_199' title='bbox 1272 1451 1374 1500; x_wconf 87' lang='lat' dir='ltr'>sunt</span> <span class='ocrx_word' id='word_1_200' title='bbox 1398 1451 1610 1500; x_wconf 88' lang='lat' dir='ltr'>naturalis</span> <span class='ocrx_word' id='word_1_201' title='bbox 1633 1451 1848 1507; x_wconf 77' lang='lat' dir='ltr'>hominiS,</span> <span class='ocrx_word' id='word_1_202' title='bbox 1889 1466 2056 1514; x_wconf 88' lang='lat' dir='ltr'>nempe</span> <span class='ocrx_word' id='word_1_203' title='bbox 2077 1467 2186 1499; x_wconf 91' lang='lat' dir='ltr'>cum</span> <span class='ocrx_word' id='word_1_204' title='bbox 2211 1450 2348 1498; x_wconf 90' lang='lat' dir='ltr'>scien-</span> 
     </span>
    </p>
   </div>
   <div class='ocr_carea' id='block_1_4' title="bbox 341 1516 2375 3286">
    <p class='ocr_par' dir='ltr' id='par_1_5' title="bbox 349 1516 2354 1831">
     <span class='ocr_line' id='line_1_20' title="bbox 352 1516 2351 1581; baseline -0.002 -14"><span class='ocrx_word' id='word_1_205' title='bbox 352 1517 504 1574; x_wconf 80' lang='lat' dir='ltr'>tificiS,</span> <span class='ocrx_word' id='word_1_206' title='bbox 540 1517 600 1566; x_wconf 89' lang='lat' dir='ltr'>fic</span> <span class='ocrx_word' id='word_1_207' title='bbox 635 1529 688 1566; x_wconf 91' lang='lat' dir='ltr'>ut</span> <span class='ocrx_word' id='word_1_208' title='bbox 711 1533 857 1569; x_wconf 83' lang='lat' dir='ltr'>unum</span> <span class='ocrx_word' id='word_1_209' title='bbox 880 1517 1060 1574; x_wconf 86' lang='lat' dir='ltr'>faciant,</span> <span class='ocrx_word' id='word_1_210' title='bbox 1100 1517 1174 1564; x_wconf 92' lang='lat' dir='ltr'>seu</span> <span class='ocrx_word' id='word_1_211' title='bbox 1213 1518 1258 1565; x_wconf 88' lang='lat' dir='ltr'>se</span> <span class='ocrx_word' id='word_1_212' title='bbox 1295 1530 1463 1564; x_wconf 89' lang='lat' dir='ltr'>mutuo</span> <span class='ocrx_word' id='word_1_213' title='bbox 1491 1517 1782 1573; x_wconf 89' lang='lat' dir='ltr'>confirment,</span> <span class='ocrx_word' id='word_1_214' title='bbox 1822 1530 1934 1564; x_wconf 89' lang='lat' dir='ltr'>tunc</span> <span class='ocrx_word' id='word_1_215' title='bbox 1970 1516 2351 1581; x_wconf 63' lang='lat' dir='ltr'>correspondent,</span> 
     </span>
     <span class='ocr_line' id='line_1_21' title="bbox 350 1581 2351 1646; baseline -0.001 -15"><span class='ocrx_word' id='word_1_216' title='bbox 350 1583 411 1631; x_wconf 87' lang='lat' dir='ltr'>ad</span> <span class='ocrx_word' id='word_1_217' title='bbox 442 1582 558 1630; x_wconf 88' lang='lat' dir='ltr'>hanc</span> <span class='ocrx_word' id='word_1_218' title='bbox 572 1629 582 1636; x_wconf 73' lang='grc'>,</span> <span class='ocrx_word' id='word_1_219' title='bbox 595 1581 1037 1646; x_wconf 87' lang='lat' dir='ltr'>correspondentiam</span> <span class='ocrx_word' id='word_1_220' title='bbox 1067 1582 1237 1645; x_wconf 87' lang='lat' dir='ltr'>redigit</span> <span class='ocrx_word' id='word_1_221' title='bbox 1257 1584 1493 1631; x_wconf 88' lang='lat' dir='ltr'>Dominus</span> <span class='ocrx_word' id='word_1_222' title='bbox 1526 1582 1755 1630; x_wconf 86' lang='lat' dir='ltr'>rationalia</span> <span class='ocrx_word' id='word_1_223' title='bbox 1794 1583 1844 1630; x_wconf 78' lang='grc' dir='ltr'>δε</span> <span class='ocrx_word' id='word_1_224' title='bbox 1882 1583 2099 1630; x_wconf 85' lang='lat' dir='ltr'>naturalia</span> <span class='ocrx_word' id='word_1_225' title='bbox 2135 1583 2351 1639; x_wconf 90' lang='lat' dir='ltr'>hominis,</span> 
     </span>
     <span class='ocr_line' id='line_1_22' title="bbox 349 1646 2354 1713; baseline -0.001 -15"><span class='ocrx_word' id='word_1_226' title='bbox 349 1664 463 1698; x_wconf 88' lang='lat' dir='ltr'>cum</span> <span class='ocrx_word' id='word_1_227' title='bbox 487 1647 621 1696; x_wconf 90' lang='lat' dir='ltr'>illum</span> <span class='ocrx_word' id='word_1_228' title='bbox 643 1660 888 1713; x_wconf 88' lang='lat' dir='ltr'>regenerat,</span> <span class='ocrx_word' id='word_1_229' title='bbox 923 1647 998 1696; x_wconf 87' lang='lat' dir='ltr'>seu</span> <span class='ocrx_word' id='word_1_230' title='bbox 1018 1647 1292 1712; x_wconf 88' lang='lat' dir='ltr'>spiritualem</span> <span class='ocrx_word' id='word_1_231' title='bbox 1316 1646 1459 1705; x_wconf 84' lang='lat' dir='ltr'>facit;</span> <span class='ocrx_word' id='word_1_232' title='bbox 1497 1664 1556 1696; x_wconf 86' lang='lat' dir='ltr'>ex</span> <span class='ocrx_word' id='word_1_233' title='bbox 1578 1647 1662 1696; x_wconf 85' lang='lat' dir='ltr'>hac</span> <span class='ocrx_word' id='word_1_234' title='bbox 1683 1647 1810 1695; x_wconf 91' lang='lat' dir='ltr'>causa</span> <span class='ocrx_word' id='word_1_235' title='bbox 1830 1647 1910 1704; x_wconf 91' lang='lat' dir='ltr'>est,</span> <span class='ocrx_word' id='word_1_236' title='bbox 1946 1648 2075 1712; x_wconf 92' lang='lat' dir='ltr'>quod</span> <span class='ocrx_word' id='word_1_237' title='bbox 2096 1661 2190 1695; x_wconf 90' lang='lat' dir='ltr'>tam</span> <span class='ocrx_word' id='word_1_238' title='bbox 2216 1648 2354 1697; x_wconf 73' lang='lat' dir='ltr'>stellae</span> 
     </span>
     <span class='ocr_line' id='line_1_23' title="bbox 351 1713 2354 1829; baseline -0 -65"><span class='ocrx_word' id='word_1_239' title='bbox 351 1714 599 1829; x_wconf 42' lang='lat' dir='ltr'>p-oelorum,</span> <span class='ocrx_word' id='word_1_240' title='bbox 637 1731 779 1780; x_wconf 87' lang='lat' dir='ltr'>quam</span> <span class='ocrx_word' id='word_1_241' title='bbox 815 1730 947 1766; x_wconf 84' lang='lat' dir='ltr'>arena</span> <span class='ocrx_word' id='word_1_242' title='bbox 983 1715 1129 1764; x_wconf 89' lang='lat' dir='ltr'>litoris</span> <span class='ocrx_word' id='word_1_243' title='bbox 1160 1716 1296 1764; x_wconf 87' lang='lat' dir='ltr'>maris</span> <span class='ocrx_word' id='word_1_244' title='bbox 1334 1714 1409 1763; x_wconf 89' lang='lat' dir='ltr'>hic</span> <span class='ocrx_word' id='word_1_245' title='bbox 1450 1726 1784 1772; x_wconf 88' lang='lat' dir='ltr'>memorentur,</span> <span class='ocrx_word' id='word_1_246' title='bbox 1824 1713 2028 1778; x_wconf 88' lang='lat' dir='ltr'>alioquin</span> <span class='ocrx_word' id='word_1_247' title='bbox 2068 1722 2214 1763; x_wconf 83' lang='lat' dir='ltr'>unum</span> <span class='ocrx_word' id='word_1_248' title='bbox 2255 1715 2354 1764; x_wconf 88' lang='lat' dir='ltr'>satis</span> 
     </span>
     <span class='ocr_line' id='line_1_24' title="bbox 377 1781 519 1831; baseline -0.014 0"><span class='ocrx_word' id='word_1_249' title='bbox 377 1781 519 1831; x_wconf 68' lang='lat' dir='ltr'>uiflet.</span> 
     </span>
    </p>

    <p class='ocr_par' dir='ltr' id='par_1_6' title="bbox 341 1844 2375 3286">
     <span class='ocr_line' id='line_1_25' title="bbox 425 1844 2358 1914; baseline 0 -16"><span class='ocrx_word' id='word_1_250' title='bbox 425 1853 570 1913; x_wconf 82' lang='lat'>2851.</span> <span class='ocrx_word' id='word_1_251' title='bbox 613 1848 763 1909; x_wconf 80' lang='lat' dir='ltr'>Qud</span> <span class='ocrx_word' id='word_1_252' title='bbox 798 1848 1086 1898; x_wconf 71' lang='lat' dir='ltr'>haereditabit</span> <span class='ocrx_word' id='word_1_253' title='bbox 1106 1844 1258 1897; x_wconf 83' lang='lat' dir='ltr'>semen</span> <span class='ocrx_word' id='word_1_254' title='bbox 1295 1860 1431 1898; x_wconf 90' lang='lat' dir='ltr'>tuum</span> <span class='ocrx_word' id='word_1_255' title='bbox 1454 1861 1638 1914; x_wconf 89' lang='lat' dir='ltr'>portam</span> <span class='ocrx_word' id='word_1_256' title='bbox 1664 1847 1865 1897; x_wconf 86' lang='lat' dir='ltr'>hostiurn</span> <span class='ocrx_word' id='word_1_257' title='bbox 1888 1860 2095 1906; x_wconf 88' lang='lat' dir='ltr'>tuorum,</span> <span class='ocrx_word' id='word_1_258' title='bbox 2136 1848 2358 1913; x_wconf 79' lang='lat' dir='ltr'>significet</span> 
     </span>
     <span class='ocr_line' id='line_1_26' title="bbox 354 1912 2357 1981; baseline 0 -17"><span class='ocrx_word' id='word_1_259' title='bbox 354 1915 486 1981; x_wconf 89' lang='lat' dir='ltr'>quod</span> <span class='ocrx_word' id='word_1_260' title='bbox 521 1914 711 1964; x_wconf 84' lang='lat' dir='ltr'>charitas</span> <span class='ocrx_word' id='word_1_261' title='bbox 743 1917 795 1966; x_wconf 85' lang='lat'>&amp;</span> <span class='ocrx_word' id='word_1_262' title='bbox 817 1916 932 1965; x_wconf 83' lang='lat' dir='ltr'>fides</span> <span class='ocrx_word' id='word_1_263' title='bbox 965 1915 1172 1964; x_wconf 78' lang='lat' dir='ltr'>succedet</span> <span class='ocrx_word' id='word_1_264' title='bbox 1204 1915 1310 1964; x_wconf 89' lang='lat' dir='ltr'>loco</span> <span class='ocrx_word' id='word_1_265' title='bbox 1342 1915 1423 1963; x_wconf 93' lang='lat' dir='ltr'>ubi</span> <span class='ocrx_word' id='word_1_266' title='bbox 1457 1917 1583 1980; x_wconf 90' lang='lat' dir='ltr'>prius</span> <span class='ocrx_word' id='word_1_267' title='bbox 1606 1912 1782 1963; x_wconf 87' lang='lat' dir='ltr'>malum</span> <span class='ocrx_word' id='word_1_268' title='bbox 1817 1916 1867 1963; x_wconf 79' lang='grc' dir='ltr'>ὅτ</span> <span class='ocrx_word' id='word_1_269' title='bbox 1891 1913 2071 1972; x_wconf 89' lang='lat' dir='ltr'>falsum,</span> <span class='ocrx_word' id='word_1_270' title='bbox 2106 1915 2279 1963; x_wconf 91' lang='lat' dir='ltr'>constat</span> <span class='ocrx_word' id='word_1_271' title='bbox 2299 1931 2357 1964; x_wconf 87' lang='lat' dir='ltr'>ex</span> 
     </span>
     <span class='ocr_line' id='line_1_27' title="bbox 341 1981 2356 2047; baseline 0 -16"><span class='ocrx_word' id='word_1_272' title='bbox 341 1981 684 2046; x_wconf 83' lang='lat' dir='ltr'>.fignificatione</span> <span class='ocrx_word' id='word_1_273' title='bbox 706 1983 984 2040; x_wconf 69' lang='lat' dir='ltr'>haereditare,</span> <span class='ocrx_word' id='word_1_274' title='bbox 1023 1982 1152 2047; x_wconf 93' lang='lat' dir='ltr'>quod</span> <span class='ocrx_word' id='word_1_275' title='bbox 1186 1981 1242 2031; x_wconf 84' lang='lat' dir='ltr'>fit</span> <span class='ocrx_word' id='word_1_276' title='bbox 1264 1983 1411 2031; x_wconf 84' lang='lat' dir='ltr'>vitam</span> <span class='ocrx_word' id='word_1_277' title='bbox 1431 1983 1630 2030; x_wconf 90' lang='lat' dir='ltr'>Domini</span> <span class='ocrx_word' id='word_1_278' title='bbox 1650 1983 1869 2046; x_wconf 85' lang='lat' dir='ltr'>accipere,</span> <span class='ocrx_word' id='word_1_279' title='bbox 1906 1981 1964 2029; x_wconf 93' lang='lat' dir='ltr'>de</span> <span class='ocrx_word' id='word_1_280' title='bbox 1992 1997 2086 2046; x_wconf 91' lang='lat' dir='ltr'>qua</span> <span class='ocrx_word' id='word_1_281' title='bbox 2119 1998 2180 2030; x_wconf 92' lang='lat' dir='ltr'>n:</span> <span class='ocrx_word' id='word_1_282' title='bbox 2209 1983 2356 2046; x_wconf 85' lang='lat'>2658,</span> 
     </span>
     <span class='ocr_line' id='line_1_28' title="bbox 355 2047 2355 2114; baseline -0.001 -16"><span class='ocrx_word' id='word_1_283' title='bbox 355 2049 432 2098; x_wconf 87' lang='lat' dir='ltr'>hic</span> <span class='ocrx_word' id='word_1_284' title='bbox 467 2047 719 2107; x_wconf 90' lang='lat' dir='ltr'>succedere,</span> <span class='ocrx_word' id='word_1_285' title='bbox 758 2051 865 2114; x_wconf 90' lang='lat' dir='ltr'>quia</span> <span class='ocrx_word' id='word_1_286' title='bbox 902 2066 1013 2098; x_wconf 90' lang='lat' dir='ltr'>cum</span> <span class='ocrx_word' id='word_1_287' title='bbox 1037 2049 1223 2098; x_wconf 84' lang='lat' dir='ltr'>charitas</span> <span class='ocrx_word' id='word_1_288' title='bbox 1246 2051 1298 2098; x_wconf 84' lang='lat'>&amp;</span> <span class='ocrx_word' id='word_1_289' title='bbox 1330 2048 1446 2097; x_wconf 87' lang='lat' dir='ltr'>fides</span> <span class='ocrx_word' id='word_1_290' title='bbox 1480 2049 1586 2098; x_wconf 91' lang='lat' dir='ltr'>loco</span> <span class='ocrx_word' id='word_1_291' title='bbox 1608 2047 1687 2098; x_wconf 90' lang='lat' dir='ltr'>ubi</span> <span class='ocrx_word' id='word_1_292' title='bbox 1711 2050 1837 2113; x_wconf 90' lang='lat' dir='ltr'>prius</span> <span class='ocrx_word' id='word_1_293' title='bbox 1872 2047 2050 2096; x_wconf 89' lang='lat' dir='ltr'>malum</span> <span class='ocrx_word' id='word_1_294' title='bbox 2086 2049 2141 2096; x_wconf 71' lang='grc' dir='ltr'>δε</span> <span class='ocrx_word' id='word_1_295' title='bbox 2174 2047 2355 2106; x_wconf 88' lang='lat' dir='ltr'>falsum,</span> 
     </span>
     <span class='ocr_line' id='line_1_29' title="bbox 356 2113 2360 2181; baseline -0 -17"><span class='ocrx_word' id='word_1_296' title='bbox 356 2128 470 2164; x_wconf 91' lang='lat' dir='ltr'>tunc</span> <span class='ocrx_word' id='word_1_297' title='bbox 506 2117 601 2168; x_wconf 77' lang='lat' dir='ltr'>vita</span> <span class='ocrx_word' id='word_1_298' title='bbox 621 2117 816 2165; x_wconf 90' lang='lat' dir='ltr'>Domini</span> <span class='ocrx_word' id='word_1_299' title='bbox 854 2114 1089 2174; x_wconf 71' lang='lat' dir='ltr'>succedit,</span> <span class='ocrx_word' id='word_1_300' title='bbox 1135 2131 1194 2164; x_wconf 80' lang='lat' dir='ltr'>ex</span> <span class='ocrx_word' id='word_1_301' title='bbox 1234 2115 1562 2181; x_wconf 68' lang='lat' dir='ltr'>significatione</span> <span class='ocrx_word' id='word_1_302' title='bbox 1597 2114 1795 2174; x_wconf 89' lang='lat' dir='ltr'>seminis,</span> <span class='ocrx_word' id='word_1_303' title='bbox 1832 2113 1959 2179; x_wconf 91' lang='lat' dir='ltr'>quod</span> <span class='ocrx_word' id='word_1_304' title='bbox 1995 2115 2050 2162; x_wconf 87' lang='lat' dir='ltr'>fit</span> <span class='ocrx_word' id='word_1_305' title='bbox 2082 2115 2270 2164; x_wconf 87' lang='lat' dir='ltr'>charitas</span> <span class='ocrx_word' id='word_1_306' title='bbox 2308 2116 2360 2163; x_wconf 76' lang='grc' dir='ltr'>δε</span> 
     </span>
     <span class='ocr_line' id='line_1_30' title="bbox 357 2181 2360 2250; baseline 0 -20"><span class='ocrx_word' id='word_1_307' title='bbox 357 2182 491 2239; x_wconf 87' lang='lat' dir='ltr'>fides,</span> <span class='ocrx_word' id='word_1_308' title='bbox 525 2182 585 2231; x_wconf 88' lang='lat' dir='ltr'>de</span> <span class='ocrx_word' id='word_1_309' title='bbox 623 2198 717 2247; x_wconf 89' lang='lat' dir='ltr'>qua</span> <span class='ocrx_word' id='word_1_310' title='bbox 748 2200 811 2232; x_wconf 88' lang='lat' dir='ltr'>n:</span> <span class='ocrx_word' id='word_1_311' title='bbox 836 2200 976 2247; x_wconf 86' lang='lat'><strong>10²5·</strong></span> <span class='ocrx_word' id='word_1_312' title='bbox 1007 2199 1147 2249; x_wconf 87' lang='lat'>1447.</span> <span class='ocrx_word' id='word_1_313' title='bbox 1179 2184 1320 2234; x_wconf 84' lang='lat'>1610.</span> <span class='ocrx_word' id='word_1_314' title='bbox 1351 2200 1513 2250; x_wconf 80' lang='lat'>19413</span> <span class='ocrx_word' id='word_1_315' title='bbox 1565 2199 1592 2231; x_wconf 92' lang='lat' dir='ltr'>a</span> <span class='ocrx_word' id='word_1_316' title='bbox 1626 2181 1951 2246; x_wconf 81' lang='lat' dir='ltr'>significatione</span> <span class='ocrx_word' id='word_1_317' title='bbox 1987 2194 2152 2246; x_wconf 83' lang='lat' dir='ltr'>portae,</span> <span class='ocrx_word' id='word_1_318' title='bbox 2187 2183 2246 2230; x_wconf 91' lang='lat' dir='ltr'>de</span> <span class='ocrx_word' id='word_1_319' title='bbox 2268 2198 2360 2246; x_wconf 89' lang='lat' dir='ltr'>qua</span> 
     </span>
     <span class='ocr_line' id='line_1_31' title="bbox 359 2247 2358 2315; baseline -0.001 -19"><span class='ocrx_word' id='word_1_320' title='bbox 359 2247 590 2312; x_wconf 70' lang='lat' dir='ltr'>sequitur,</span> <span class='ocrx_word' id='word_1_321' title='bbox 623 2250 676 2298; x_wconf 72' lang='grc' dir='ltr'>δι</span> <span class='ocrx_word' id='word_1_322' title='bbox 709 2266 734 2298; x_wconf 89' lang='lat' dir='ltr'>a</span> <span class='ocrx_word' id='word_1_323' title='bbox 756 2249 1082 2315; x_wconf 71' lang='lat' dir='ltr'>significatione</span> <span class='ocrx_word' id='word_1_324' title='bbox 1104 2249 1324 2309; x_wconf 90' lang='lat' dir='ltr'>hostium,</span> <span class='ocrx_word' id='word_1_325' title='bbox 1345 2250 1474 2315; x_wconf 91' lang='lat' dir='ltr'>quod</span> <span class='ocrx_word' id='word_1_326' title='bbox 1498 2249 1585 2298; x_wconf 80' lang='lat' dir='ltr'>sint</span> <span class='ocrx_word' id='word_1_327' title='bbox 1608 2249 1725 2297; x_wconf 90' lang='lat' dir='ltr'>mala</span> <span class='ocrx_word' id='word_1_328' title='bbox 1748 2251 1797 2298; x_wconf 88' lang='lat'>&amp;</span> <span class='ocrx_word' id='word_1_329' title='bbox 1822 2247 1943 2305; x_wconf 90' lang='lat' dir='ltr'>falsa,</span> <span class='ocrx_word' id='word_1_330' title='bbox 1967 2247 2040 2296; x_wconf 91' lang='lat' dir='ltr'>seu</span> <span class='ocrx_word' id='word_1_331' title='bbox 2063 2249 2192 2311; x_wconf 92' lang='lat' dir='ltr'>quod</span> <span class='ocrx_word' id='word_1_332' title='bbox 2215 2249 2358 2305; x_wconf 89' lang='lat' dir='ltr'>idem,</span> 
     </span>
     <span class='ocr_line' id='line_1_32' title="bbox 359 2313 2361 2381; baseline 0 -21"><span class='ocrx_word' id='word_1_333' title='bbox 359 2316 443 2377; x_wconf 92' lang='lat' dir='ltr'>qui</span> <span class='ocrx_word' id='word_1_334' title='bbox 463 2316 512 2360; x_wconf 87' lang='lat' dir='ltr'>in</span> <span class='ocrx_word' id='word_1_335' title='bbox 534 2315 658 2364; x_wconf 87' lang='lat' dir='ltr'>malo</span> <span class='ocrx_word' id='word_1_336' title='bbox 677 2316 729 2365; x_wconf 78' lang='grc' dir='ltr'>δε</span> <span class='ocrx_word' id='word_1_337' title='bbox 747 2315 877 2380; x_wconf 70' lang='lat' dir='ltr'>salso,</span> <span class='ocrx_word' id='word_1_338' title='bbox 913 2317 960 2364; x_wconf 88' lang='lat' dir='ltr'>hi</span> <span class='ocrx_word' id='word_1_339' title='bbox 988 2316 1304 2381; x_wconf 78' lang='lat' dir='ltr'>significantur</span> <span class='ocrx_word' id='word_1_340' title='bbox 1335 2332 1418 2380; x_wconf 85' lang='lat' dir='ltr'>per</span> <span class='ocrx_word' id='word_1_341' title='bbox 1439 2316 1585 2365; x_wconf 89' lang='lat' dir='ltr'>hostes</span> <span class='ocrx_word' id='word_1_342' title='bbox 1609 2316 1660 2364; x_wconf 89' lang='lat'>&amp;</span> <span class='ocrx_word' id='word_1_343' title='bbox 1683 2315 1894 2363; x_wconf 89' lang='lat' dir='ltr'>inimicos</span> <span class='ocrx_word' id='word_1_344' title='bbox 1931 2315 1979 2361; x_wconf 91' lang='lat' dir='ltr'>in</span> <span class='ocrx_word' id='word_1_345' title='bbox 2018 2313 2141 2361; x_wconf 89' lang='lat' dir='ltr'>sensu</span> <span class='ocrx_word' id='word_1_346' title='bbox 2181 2316 2361 2361; x_wconf 87' lang='lat' dir='ltr'>interno</span> 
     </span>
     <span class='ocr_line' id='line_1_33' title="bbox 365 2377 2362 2444; baseline 0.001 -18"><span class='ocrx_word' id='word_1_347' title='bbox 365 2377 518 2427; x_wconf 86' lang='lat' dir='ltr'>Verbi.</span> <span class='ocrx_word' id='word_1_348' title='bbox 588 2380 735 2440; x_wconf 74' lang='lat' dir='ltr'>Quod</span> <span class='ocrx_word' id='word_1_349' title='bbox 757 2381 1132 2443; x_wconf 81' lang='lat' dir='ltr'>significationem</span> <span class='ocrx_word' id='word_1_350' title='bbox 1154 2383 1305 2430; x_wconf 81' lang='lat' dir='ltr'>Portae</span> <span class='ocrx_word' id='word_1_351' title='bbox 1336 2383 1511 2437; x_wconf 86' lang='lat' dir='ltr'>attinet,</span> <span class='ocrx_word' id='word_1_352' title='bbox 1545 2382 1650 2429; x_wconf 89' lang='lat' dir='ltr'>sunt</span> <span class='ocrx_word' id='word_1_353' title='bbox 1671 2383 1719 2428; x_wconf 93' lang='lat' dir='ltr'>in</span> <span class='ocrx_word' id='word_1_354' title='bbox 1734 2396 1903 2443; x_wconf 87' lang='lat' dir='ltr'>genere</span> <span class='ocrx_word' id='word_1_355' title='bbox 1926 2379 2046 2426; x_wconf 83' lang='lat' dir='ltr'>binae</span> <span class='ocrx_word' id='word_1_356' title='bbox 2069 2393 2216 2441; x_wconf 84' lang='lat' dir='ltr'>portae</span> <span class='ocrx_word' id='word_1_357' title='bbox 2236 2379 2362 2444; x_wconf 89' lang='lat' dir='ltr'>apud</span> 
     </span>
     <span class='ocr_line' id='line_1_34' title="bbox 361 2444 2360 2510; baseline 0 -17"><span class='ocrx_word' id='word_1_358' title='bbox 361 2446 724 2508; x_wconf 89' lang='lat' dir='ltr'>unumquemvis</span> <span class='ocrx_word' id='word_1_359' title='bbox 746 2445 1001 2503; x_wconf 88' lang='lat' dir='ltr'>hominem,</span> <span class='ocrx_word' id='word_1_360' title='bbox 1035 2462 1127 2493; x_wconf 90' lang='lat' dir='ltr'>una</span> <span class='ocrx_word' id='word_1_361' title='bbox 1163 2457 1287 2510; x_wconf 87' lang='lat' dir='ltr'>patet</span> <span class='ocrx_word' id='word_1_362' title='bbox 1317 2446 1376 2493; x_wconf 91' lang='lat' dir='ltr'>ad</span> <span class='ocrx_word' id='word_1_363' title='bbox 1415 2444 1663 2502; x_wconf 89' lang='lat' dir='ltr'>infernum,</span> <span class='ocrx_word' id='word_1_364' title='bbox 1705 2461 1812 2508; x_wconf 89' lang='lat' dir='ltr'>quae</span> <span class='ocrx_word' id='word_1_365' title='bbox 1849 2457 1999 2509; x_wconf 77' lang='lat' dir='ltr'>aperta</span> <span class='ocrx_word' id='word_1_366' title='bbox 2034 2444 2099 2491; x_wconf 89' lang='lat' dir='ltr'>est</span> <span class='ocrx_word' id='word_1_367' title='bbox 2138 2444 2268 2492; x_wconf 91' lang='lat' dir='ltr'>malis</span> <span class='ocrx_word' id='word_1_368' title='bbox 2309 2447 2360 2493; x_wconf 75' lang='grc' dir='ltr'>δε</span> 
     </span>
     <span class='ocr_line' id='line_1_35' title="bbox 362 2509 2365 2575; baseline 0 -16"><span class='ocrx_word' id='word_1_369' title='bbox 362 2510 480 2559; x_wconf 86' lang='lat' dir='ltr'>falfis</span> <span class='ocrx_word' id='word_1_370' title='bbox 501 2510 624 2567; x_wconf 83' lang='lat' dir='ltr'>inde,</span> <span class='ocrx_word' id='word_1_371' title='bbox 660 2512 708 2557; x_wconf 89' lang='lat' dir='ltr'>in</span> <span class='ocrx_word' id='word_1_372' title='bbox 740 2510 817 2559; x_wconf 89' lang='lat' dir='ltr'>illa</span> <span class='ocrx_word' id='word_1_373' title='bbox 837 2523 971 2575; x_wconf 89' lang='lat' dir='ltr'>porta</span> <span class='ocrx_word' id='word_1_374' title='bbox 1002 2512 1107 2560; x_wconf 88' lang='lat' dir='ltr'>sunt</span> <span class='ocrx_word' id='word_1_375' title='bbox 1140 2509 1374 2560; x_wconf 88' lang='lat' dir='ltr'>infernales</span> <span class='ocrx_word' id='word_1_376' title='bbox 1397 2512 1520 2575; x_wconf 88' lang='lat' dir='ltr'>genii</span> <span class='ocrx_word' id='word_1_377' title='bbox 1557 2512 1609 2559; x_wconf 90' lang='lat'>&amp;</span> <span class='ocrx_word' id='word_1_378' title='bbox 1644 2510 1856 2575; x_wconf 85' lang='lat' dir='ltr'>spiritus;</span> <span class='ocrx_word' id='word_1_379' title='bbox 1904 2511 2039 2559; x_wconf 89' lang='lat' dir='ltr'>altera</span> <span class='ocrx_word' id='word_1_380' title='bbox 2070 2523 2201 2574; x_wconf 89' lang='lat' dir='ltr'>porta</span> <span class='ocrx_word' id='word_1_381' title='bbox 2236 2523 2365 2575; x_wconf 86' lang='lat' dir='ltr'>patet</span> 
     </span>
     <span class='ocr_line' id='line_1_36' title="bbox 362 2575 2358 2642; baseline 0 -18"><span class='ocrx_word' id='word_1_382' title='bbox 362 2575 515 2626; x_wconf 83' lang='lat' dir='ltr'>versus</span> <span class='ocrx_word' id='word_1_383' title='bbox 536 2576 731 2634; x_wconf 90' lang='lat' dir='ltr'>coelum,</span> <span class='ocrx_word' id='word_1_384' title='bbox 769 2593 877 2641; x_wconf 85' lang='lat' dir='ltr'>quae</span> <span class='ocrx_word' id='word_1_385' title='bbox 899 2589 1052 2641; x_wconf 88' lang='lat' dir='ltr'>aperta</span> <span class='ocrx_word' id='word_1_386' title='bbox 1071 2577 1134 2625; x_wconf 90' lang='lat' dir='ltr'>est</span> <span class='ocrx_word' id='word_1_387' title='bbox 1158 2577 1288 2625; x_wconf 91' lang='lat' dir='ltr'>bonis</span> <span class='ocrx_word' id='word_1_388' title='bbox 1309 2578 1358 2626; x_wconf 77' lang='grc' dir='ltr'>δι</span> <span class='ocrx_word' id='word_1_389' title='bbox 1381 2580 1499 2624; x_wconf 86' lang='lat' dir='ltr'>veris</span> <span class='ocrx_word' id='word_1_390' title='bbox 1522 2578 1644 2635; x_wconf 82' lang='lat' dir='ltr'>inde,</span> <span class='ocrx_word' id='word_1_391' title='bbox 1683 2578 1731 2624; x_wconf 90' lang='lat' dir='ltr'>in</span> <span class='ocrx_word' id='word_1_392' title='bbox 1766 2577 1840 2625; x_wconf 90' lang='lat' dir='ltr'>illa</span> <span class='ocrx_word' id='word_1_393' title='bbox 1862 2590 1994 2641; x_wconf 90' lang='lat' dir='ltr'>porta</span> <span class='ocrx_word' id='word_1_394' title='bbox 2025 2575 2127 2624; x_wconf 90' lang='lat' dir='ltr'>sunt</span> <span class='ocrx_word' id='word_1_395' title='bbox 2150 2578 2322 2642; x_wconf 89' lang='lat' dir='ltr'>Angeli</span> <span class='ocrx_word' id='word_1_396' title='bbox 2343 2600 2358 2634; x_wconf 87' lang='lat'>;</span> 
     </span>
     <span class='ocr_line' id='line_1_37' title="bbox 362 2642 2363 2708; baseline -0 -15"><span class='ocrx_word' id='word_1_397' title='bbox 362 2644 426 2693; x_wconf 87' lang='lat' dir='ltr'>ita</span> <span class='ocrx_word' id='word_1_398' title='bbox 447 2643 512 2698; x_wconf 85' lang='lat' dir='ltr'>est</span> <span class='ocrx_word' id='word_1_399' title='bbox 533 2655 664 2708; x_wconf 89' lang='lat' dir='ltr'>porta</span> <span class='ocrx_word' id='word_1_400' title='bbox 685 2659 794 2708; x_wconf 86' lang='lat' dir='ltr'>quae</span> <span class='ocrx_word' id='word_1_401' title='bbox 817 2644 946 2692; x_wconf 91' lang='lat' dir='ltr'>ducit</span> <span class='ocrx_word' id='word_1_402' title='bbox 978 2644 1037 2693; x_wconf 89' lang='lat' dir='ltr'>ad</span> <span class='ocrx_word' id='word_1_403' title='bbox 1058 2642 1306 2702; x_wconf 90' lang='lat' dir='ltr'>infernum,</span> <span class='ocrx_word' id='word_1_404' title='bbox 1347 2643 1399 2692; x_wconf 86' lang='lat'>&amp;</span> <span class='ocrx_word' id='word_1_405' title='bbox 1427 2656 1559 2707; x_wconf 88' lang='lat' dir='ltr'>porta</span> <span class='ocrx_word' id='word_1_406' title='bbox 1587 2659 1695 2707; x_wconf 89' lang='lat' dir='ltr'>quae</span> <span class='ocrx_word' id='word_1_407' title='bbox 1728 2644 1858 2691; x_wconf 90' lang='lat' dir='ltr'>ducit</span> <span class='ocrx_word' id='word_1_408' title='bbox 1889 2644 1945 2690; x_wconf 89' lang='lat' dir='ltr'>ad</span> <span class='ocrx_word' id='word_1_409' title='bbox 1979 2643 2185 2691; x_wconf 90' lang='lat' dir='ltr'>coelum:</span> <span class='ocrx_word' id='word_1_410' title='bbox 2230 2656 2363 2707; x_wconf 82' lang='lat' dir='ltr'>porta</span> 
     </span>
     <span class='ocr_line' id='line_1_38' title="bbox 364 2708 2361 2775; baseline 0 -17"><span class='ocrx_word' id='word_1_411' title='bbox 364 2708 529 2759; x_wconf 86' lang='lat' dir='ltr'>inferni</span> <span class='ocrx_word' id='word_1_412' title='bbox 561 2723 714 2774; x_wconf 85' lang='lat' dir='ltr'>aperta</span> <span class='ocrx_word' id='word_1_413' title='bbox 747 2709 812 2757; x_wconf 90' lang='lat' dir='ltr'>est</span> <span class='ocrx_word' id='word_1_414' title='bbox 843 2710 947 2768; x_wconf 84' lang='lat' dir='ltr'>illis,</span> <span class='ocrx_word' id='word_1_415' title='bbox 988 2712 1068 2775; x_wconf 89' lang='lat' dir='ltr'>qui</span> <span class='ocrx_word' id='word_1_416' title='bbox 1106 2709 1277 2759; x_wconf 88' lang='lat' dir='ltr'>suntin</span> <span class='ocrx_word' id='word_1_417' title='bbox 1302 2709 1426 2758; x_wconf 88' lang='lat' dir='ltr'>malo</span> <span class='ocrx_word' id='word_1_418' title='bbox 1449 2711 1500 2758; x_wconf 85' lang='lat'>&amp;</span> <span class='ocrx_word' id='word_1_419' title='bbox 1522 2708 1647 2767; x_wconf 90' lang='lat' dir='ltr'>falso,</span> <span class='ocrx_word' id='word_1_420' title='bbox 1689 2710 1740 2758; x_wconf 86' lang='lat'>&amp;</span> <span class='ocrx_word' id='word_1_421' title='bbox 1765 2721 1944 2759; x_wconf 88' lang='lat' dir='ltr'>tantum</span> <span class='ocrx_word' id='word_1_422' title='bbox 1986 2726 2068 2773; x_wconf 89' lang='lat' dir='ltr'>per</span> <span class='ocrx_word' id='word_1_423' title='bbox 2103 2711 2239 2757; x_wconf 88' lang='lat' dir='ltr'>rimas</span> <span class='ocrx_word' id='word_1_424' title='bbox 2274 2713 2361 2758; x_wconf 91' lang='lat' dir='ltr'>cir-</span> 
     </span>
     <span class='ocr_line' id='line_1_39' title="bbox 366 2775 2364 2842; baseline 0 -17"><span class='ocrx_word' id='word_1_425' title='bbox 366 2778 597 2825; x_wconf 88' lang='lat' dir='ltr'>cumcirca</span> <span class='ocrx_word' id='word_1_426' title='bbox 636 2775 822 2840; x_wconf 87' lang='lat' dir='ltr'>superne</span> <span class='ocrx_word' id='word_1_427' title='bbox 858 2777 1031 2842; x_wconf 84' lang='lat' dir='ltr'>aliquid</span> <span class='ocrx_word' id='word_1_428' title='bbox 1065 2777 1178 2827; x_wconf 80' lang='lat' dir='ltr'>lucis</span> <span class='ocrx_word' id='word_1_429' title='bbox 1217 2793 1242 2825; x_wconf 88' lang='lat' dir='ltr'>e</span> <span class='ocrx_word' id='word_1_430' title='bbox 1274 2776 1400 2825; x_wconf 90' lang='lat' dir='ltr'>coelo</span> <span class='ocrx_word' id='word_1_431' title='bbox 1434 2776 1585 2833; x_wconf 89' lang='lat' dir='ltr'>intrat,</span> <span class='ocrx_word' id='word_1_432' title='bbox 1631 2792 1711 2839; x_wconf 93' lang='lat' dir='ltr'>per</span> <span class='ocrx_word' id='word_1_433' title='bbox 1734 2793 1872 2840; x_wconf 91' lang='lat' dir='ltr'>quam</span> <span class='ocrx_word' id='word_1_434' title='bbox 1896 2779 2063 2839; x_wconf 85' lang='lat' dir='ltr'>poffint</span> <span class='ocrx_word' id='word_1_435' title='bbox 2082 2778 2280 2840; x_wconf 88' lang='lat' dir='ltr'>cogitare</span> <span class='ocrx_word' id='word_1_436' title='bbox 2314 2779 2364 2825; x_wconf 87' lang='lat'>&amp;</span> 
     </span>
     <span class='ocr_line' id='line_1_40' title="bbox 367 2840 2358 2907; baseline -0.001 -16"><span class='ocrx_word' id='word_1_437' title='bbox 367 2840 653 2899; x_wconf 57' lang='lat' dir='ltr'>ratiocinari-4</span> <span class='ocrx_word' id='word_1_438' title='bbox 694 2856 826 2906; x_wconf 89' lang='lat' dir='ltr'>porta</span> <span class='ocrx_word' id='word_1_439' title='bbox 848 2857 1000 2892; x_wconf 87' lang='lat' dir='ltr'>autern</span> <span class='ocrx_word' id='word_1_440' title='bbox 1022 2844 1131 2892; x_wconf 82' lang='lat' dir='ltr'>coeli</span> <span class='ocrx_word' id='word_1_441' title='bbox 1154 2857 1305 2907; x_wconf 88' lang='lat' dir='ltr'>aperta</span> <span class='ocrx_word' id='word_1_442' title='bbox 1326 2842 1392 2891; x_wconf 89' lang='lat' dir='ltr'>est</span> <span class='ocrx_word' id='word_1_443' title='bbox 1413 2843 1517 2900; x_wconf 89' lang='lat' dir='ltr'>illis,</span> <span class='ocrx_word' id='word_1_444' title='bbox 1557 2844 1637 2907; x_wconf 90' lang='lat' dir='ltr'>qui</span> <span class='ocrx_word' id='word_1_445' title='bbox 1662 2842 1766 2891; x_wconf 90' lang='lat' dir='ltr'>sunt</span> <span class='ocrx_word' id='word_1_446' title='bbox 1799 2845 1845 2891; x_wconf 90' lang='lat' dir='ltr'>in</span> <span class='ocrx_word' id='word_1_447' title='bbox 1871 2843 1994 2891; x_wconf 90' lang='lat' dir='ltr'>bono</span> <span class='ocrx_word' id='word_1_448' title='bbox 2017 2845 2064 2891; x_wconf 75' lang='grc' dir='ltr'>δι</span> <span class='ocrx_word' id='word_1_449' title='bbox 2090 2860 2201 2890; x_wconf 89' lang='lat' dir='ltr'>vero</span> <span class='ocrx_word' id='word_1_450' title='bbox 2224 2844 2358 2891; x_wconf 88' lang='lat' dir='ltr'>inde:</span> 
     </span>
     <span class='ocr_line' id='line_1_41' title="bbox 366 2908 2365 2975; baseline 0 -19"><span class='ocrx_word' id='word_1_451' title='bbox 366 2908 470 2958; x_wconf 89' lang='lat' dir='ltr'>sunt</span> <span class='ocrx_word' id='word_1_452' title='bbox 489 2911 613 2958; x_wconf 87' lang='lat' dir='ltr'>enim</span> <span class='ocrx_word' id='word_1_453' title='bbox 635 2909 756 2957; x_wconf 84' lang='lat' dir='ltr'>binae</span> <span class='ocrx_word' id='word_1_454' title='bbox 778 2911 885 2968; x_wconf 86' lang='lat' dir='ltr'>viae,</span> <span class='ocrx_word' id='word_1_455' title='bbox 909 2926 1018 2975; x_wconf 85' lang='lat' dir='ltr'>quae</span> <span class='ocrx_word' id='word_1_456' title='bbox 1039 2910 1217 2959; x_wconf 90' lang='lat' dir='ltr'>ducunt</span> <span class='ocrx_word' id='word_1_457' title='bbox 1239 2911 1287 2958; x_wconf 91' lang='lat' dir='ltr'>in</span> <span class='ocrx_word' id='word_1_458' title='bbox 1311 2922 1512 2958; x_wconf 88' lang='lat' dir='ltr'>mentem</span> <span class='ocrx_word' id='word_1_459' title='bbox 1535 2909 1735 2957; x_wconf 79' lang='lat' dir='ltr'>homin1s</span> <span class='ocrx_word' id='word_1_460' title='bbox 1758 2910 2036 2966; x_wconf 88' lang='lat' dir='ltr'>rationalem,</span> <span class='ocrx_word' id='word_1_461' title='bbox 2069 2911 2143 2956; x_wconf 86' lang='lat' dir='ltr'>via</span> <span class='ocrx_word' id='word_1_462' title='bbox 2167 2909 2365 2973; x_wconf 89' lang='lat' dir='ltr'>superior</span> 
     </span>
     <span class='ocr_line' id='line_1_42' title="bbox 367 2974 2365 3041; baseline -0.001 -18"><span class='ocrx_word' id='word_1_463' title='bbox 367 2975 443 3024; x_wconf 87' lang='lat' dir='ltr'>seu</span> <span class='ocrx_word' id='word_1_464' title='bbox 474 2977 663 3034; x_wconf 87' lang='lat' dir='ltr'>interna,</span> <span class='ocrx_word' id='word_1_465' title='bbox 699 2993 779 3041; x_wconf 89' lang='lat' dir='ltr'>per</span> <span class='ocrx_word' id='word_1_466' title='bbox 799 2993 938 3041; x_wconf 90' lang='lat' dir='ltr'>quam</span> <span class='ocrx_word' id='word_1_467' title='bbox 974 2979 1113 3025; x_wconf 89' lang='lat' dir='ltr'>intrat</span> <span class='ocrx_word' id='word_1_468' title='bbox 1143 2977 1318 3024; x_wconf 87' lang='lat' dir='ltr'>bonum</span> <span class='ocrx_word' id='word_1_469' title='bbox 1344 2977 1394 3024; x_wconf 86' lang='lat'>&amp;</span> <span class='ocrx_word' id='word_1_470' title='bbox 1415 2992 1578 3024; x_wconf 89' lang='lat' dir='ltr'>verum</span> <span class='ocrx_word' id='word_1_471' title='bbox 1601 2993 1626 3024; x_wconf 94' lang='lat' dir='ltr'>a</span> <span class='ocrx_word' id='word_1_472' title='bbox 1646 2977 1872 3034; x_wconf 88' lang='lat' dir='ltr'>Domino,</span> <span class='ocrx_word' id='word_1_473' title='bbox 1903 2978 1951 3023; x_wconf 76' lang='grc' dir='ltr'>δε</span> <span class='ocrx_word' id='word_1_474' title='bbox 1975 2978 2049 3022; x_wconf 88' lang='lat' dir='ltr'>via</span> <span class='ocrx_word' id='word_1_475' title='bbox 2082 2974 2262 3022; x_wconf 79' lang='lat' dir='ltr'>inferior</span> <span class='ocrx_word' id='word_1_476' title='bbox 2292 2976 2365 3022; x_wconf 86' lang='lat' dir='ltr'>seu</span> 
     </span>
     <span class='ocr_line' id='line_1_43' title="bbox 367 3041 2364 3107; baseline -0.001 -18"><span class='ocrx_word' id='word_1_477' title='bbox 367 3052 568 3099; x_wconf 83' lang='lat' dir='ltr'>externa,</span> <span class='ocrx_word' id='word_1_478' title='bbox 606 3058 688 3106; x_wconf 81' lang='lat' dir='ltr'>per</span> <span class='ocrx_word' id='word_1_479' title='bbox 709 3059 848 3107; x_wconf 89' lang='lat' dir='ltr'>quam</span> <span class='ocrx_word' id='word_1_480' title='bbox 875 3043 1048 3091; x_wconf 89' lang='lat' dir='ltr'>malum</span> <span class='ocrx_word' id='word_1_481' title='bbox 1069 3045 1120 3092; x_wconf 77' lang='grc' dir='ltr'>ὅτ</span> <span class='ocrx_word' id='word_1_482' title='bbox 1143 3042 1306 3090; x_wconf 88' lang='lat' dir='ltr'>falsum</span> <span class='ocrx_word' id='word_1_483' title='bbox 1332 3042 1551 3091; x_wconf 89' lang='lat' dir='ltr'>subintrat</span> <span class='ocrx_word' id='word_1_484' title='bbox 1586 3042 1643 3090; x_wconf 91' lang='lat' dir='ltr'>ab</span> <span class='ocrx_word' id='word_1_485' title='bbox 1675 3041 1866 3100; x_wconf 88' lang='lat' dir='ltr'>inferno,</span> <span class='ocrx_word' id='word_1_486' title='bbox 1908 3041 2000 3105; x_wconf 86' lang='lat' dir='ltr'>ipsa</span> <span class='ocrx_word' id='word_1_487' title='bbox 2025 3058 2150 3088; x_wconf 89' lang='lat' dir='ltr'>mens</span> <span class='ocrx_word' id='word_1_488' title='bbox 2176 3044 2364 3090; x_wconf 84' lang='lat' dir='ltr'>rationa-</span> 
     </span>
     <span class='ocr_line' id='line_1_44' title="bbox 370 3107 2365 3173; baseline -0.002 -18"><span class='ocrx_word' id='word_1_489' title='bbox 370 3107 443 3164; x_wconf 90' lang='lat' dir='ltr'>lis,</span> <span class='ocrx_word' id='word_1_490' title='bbox 478 3108 541 3155; x_wconf 93' lang='lat' dir='ltr'>est</span> <span class='ocrx_word' id='word_1_491' title='bbox 563 3110 609 3156; x_wconf 89' lang='lat' dir='ltr'>in</span> <span class='ocrx_word' id='word_1_492' title='bbox 635 3110 787 3158; x_wconf 83' lang='lat' dir='ltr'>medio</span> <span class='ocrx_word' id='word_1_493' title='bbox 810 3110 866 3158; x_wconf 89' lang='lat' dir='ltr'>ad</span> <span class='ocrx_word' id='word_1_494' title='bbox 889 3126 1030 3173; x_wconf 88' lang='lat' dir='ltr'>quam</span> <span class='ocrx_word' id='word_1_495' title='bbox 1053 3110 1248 3158; x_wconf 86' lang='lat' dir='ltr'>tendunt</span> <span class='ocrx_word' id='word_1_496' title='bbox 1273 3111 1396 3165; x_wconf 69' lang='lat' dir='ltr'>viae,</span> <span class='ocrx_word' id='word_1_497' title='bbox 1434 3125 1561 3156; x_wconf 90' lang='lat' dir='ltr'>mens</span> <span class='ocrx_word' id='word_1_498' title='bbox 1596 3109 1687 3165; x_wconf 86' lang='lat' dir='ltr'>illa,</span> <span class='ocrx_word' id='word_1_499' title='bbox 1722 3125 1748 3156; x_wconf 88' lang='lat' dir='ltr'>a</span> <span class='ocrx_word' id='word_1_500' title='bbox 1778 3110 1906 3156; x_wconf 88' lang='lat' dir='ltr'>bonis</span> <span class='ocrx_word' id='word_1_501' title='bbox 1940 3109 1990 3155; x_wconf 73' lang='grc' dir='ltr'>ὅτ</span> <span class='ocrx_word' id='word_1_502' title='bbox 2015 3109 2131 3154; x_wconf 88' lang='lat' dir='ltr'>veris</span> <span class='ocrx_word' id='word_1_503' title='bbox 2156 3125 2260 3170; x_wconf 81' lang='lat' dir='ltr'>quae</span> <span class='ocrx_word' id='word_1_504' title='bbox 2288 3108 2365 3163; x_wconf 83' lang='lat' dir='ltr'>ibi,</span> 
     </span>
     <span class='ocr_line' id='line_1_45' title="bbox 372 3173 2370 3240; baseline 0 -21"><span class='ocrx_word' id='word_1_505' title='bbox 372 3174 415 3219; x_wconf 82' lang='lat' dir='ltr'>in</span> <span class='ocrx_word' id='word_1_506' title='bbox 439 3173 595 3222; x_wconf 89' lang='lat' dir='ltr'>Verbo</span> <span class='ocrx_word' id='word_1_507' title='bbox 630 3189 918 3240; x_wconf 84' lang='lat' dir='ltr'>comparatur</span> <span class='ocrx_word' id='word_1_508' title='bbox 958 3177 1076 3235; x_wconf 79' lang='lat' dir='ltr'>urbi,</span> <span class='ocrx_word' id='word_1_509' title='bbox 1113 3180 1171 3226; x_wconf 60' lang='grc' dir='ltr'>δι</span> <span class='ocrx_word' id='word_1_510' title='bbox 1188 3189 1379 3225; x_wconf 86' lang='lat' dir='ltr'>vocatur</span> <span class='ocrx_word' id='word_1_511' title='bbox 1403 3175 1527 3234; x_wconf 82' lang='lat' dir='ltr'>urbs,</span> <span class='ocrx_word' id='word_1_512' title='bbox 1562 3176 1613 3224; x_wconf 74' lang='grc' dir='ltr'>δε</span> <span class='ocrx_word' id='word_1_513' title='bbox 1635 3176 1741 3239; x_wconf 88' lang='lat' dir='ltr'>quia</span> <span class='ocrx_word' id='word_1_514' title='bbox 1766 3186 2053 3240; x_wconf 86' lang='lat' dir='ltr'>comparatur</span> <span class='ocrx_word' id='word_1_515' title='bbox 2078 3174 2176 3221; x_wconf 87' lang='lat' dir='ltr'>urbi</span> <span class='ocrx_word' id='word_1_516' title='bbox 2213 3174 2262 3221; x_wconf 85' lang='lat'>&amp;</span> <span class='ocrx_word' id='word_1_517' title='bbox 2287 3189 2370 3219; x_wconf 83' lang='lat' dir='ltr'>vo-</span> 
     </span>
     <span class='ocr_line' id='line_1_46' title="bbox 2247 3252 2375 3286; baseline -0.008 0"><span class='ocrx_word' id='word_1_518' title='bbox 2247 3252 2375 3286; x_wconf 79' lang='lat' dir='ltr'>catur</span> 
     </span>
    </p>
   </div>
  </div>
 </body>
</html>
