<?xml version="1.0" encoding="UTF-8"?>
<!DOCTYPE html PUBLIC "-//W3C//DTD XHTML 1.0 Transitional//EN"
    "http://www.w3.org/TR/xhtml1/DTD/xhtml1-transitional.dtd">
<html xmlns="http://www.w3.org/1999/xhtml" xml:lang="en" lang="en">
 <head>
  <title>
</title>
<meta http-equiv="Content-Type" content="text/html;charset=utf-8" />
  <meta name='ocr-system' content='tesseract 3.04.00' />
  <meta name='ocr-capabilities' content='ocr_page ocr_carea ocr_par ocr_line ocrx_word'/>
</head>
<body>
  <div class='ocr_page' id='page_1' title='image "arcanacaelestiaq03sweduoft_0093.png"; bbox 0 0 2872 3730; ppageno 0'>
   <div class='ocr_carea' id='block_1_1' title="bbox 0 2833 31 3314">
    <p class='ocr_par' dir='ltr' id='par_1_1' title="bbox 0 2833 31 3314">
     <span class='ocr_line' id='line_1_1' title="bbox 0 2833 31 3314; baseline 0 416"><span class='ocrx_word' id='word_1_1' title='bbox 0 2833 31 3314; x_wconf 95' lang='lat' dir='ltr'><strong> </strong></span> 
     </span>
    </p>
   </div>
   <div class='ocr_carea' id='block_1_2' title="bbox 0 3273 43 3644">
    <p class='ocr_par' dir='ltr' id='par_1_2' title="bbox 0 3273 43 3644">
     <span class='ocr_line' id='line_1_2' title="bbox 0 3273 19 3644; textangle 90"><span class='ocrx_word' id='word_1_2' title='bbox 11 3641 13 3644; x_wconf 91' lang='lat'>.</span> <span class='ocrx_word' id='word_1_3' title='bbox 4 3568 15 3627; x_wconf 57' lang='lat' dir='ltr'><strong>eve-w&lt;</strong></span> <span class='ocrx_word' id='word_1_4' title='bbox 5 3499 18 3557; x_wconf 45' lang='grc' dir='ltr'><strong>«ιχ</strong></span> <span class='ocrx_word' id='word_1_5' title='bbox 6 3334 19 3483; x_wconf 50' lang='lat' dir='ltr'><strong>‚qne--.mq-</strong></span> <span class='ocrx_word' id='word_1_6' title='bbox 8 3307 19 3326; x_wconf 40' lang='lat'><strong>,—</strong></span> <span class='ocrx_word' id='word_1_7' title='bbox 0 3273 2 3275; x_wconf 95' lang='lat'>·</span> 
     </span>
     <span class='ocr_line' id='line_1_3' title="bbox 24 3278 32 3460; textangle 90"><span class='ocrx_word' id='word_1_8' title='bbox 24 3454 30 3460; x_wconf 87' lang='lat'><strong>.</strong></span> <span class='ocrx_word' id='word_1_9' title='bbox 28 3310 31 3313; x_wconf 93' lang='lat'>.</span> <span class='ocrx_word' id='word_1_10' title='bbox 24 3278 32 3281; x_wconf 59' lang='grc' dir='ltr'><strong>ι</strong></span> 
     </span>
     <span class='ocr_line' id='line_1_4' title="bbox 34 3380 43 3393; textangle 90"><span class='ocrx_word' id='word_1_11' title='bbox 34 3380 43 3393; x_wconf 79' lang='grc' dir='ltr'><strong>ιι</strong></span> 
     </span>
    </p>
   </div>
   <div class='ocr_carea' id='block_1_3' title="bbox 640 258 2438 353">
    <p class='ocr_par' dir='ltr' id='par_1_3' title="bbox 640 258 2438 353">
     <span class='ocr_line' id='line_1_5' title="bbox 640 258 2438 353; baseline -0.002 -18"><span class='ocrx_word' id='word_1_12' title='bbox 640 258 996 337; x_wconf 80' lang='lat' dir='ltr'>CAPUT</span> <span class='ocrx_word' id='word_1_13' title='bbox 1047 264 1654 332; x_wconf 83' lang='lat' dir='ltr'>VIGESIMUM</span> <span class='ocrx_word' id='word_1_14' title='bbox 1714 264 2223 331; x_wconf 78' lang='lat' dir='ltr'><strong>TERTIUM.</strong></span> <span class='ocrx_word' id='word_1_15' title='bbox 2356 272 2438 353; x_wconf 77' lang='lat'><strong>89</strong></span> 
     </span>
    </p>
   </div>
   <div class='ocr_carea' id='block_1_4' title="bbox 432 394 2458 1065">
    <p class='ocr_par' dir='ltr' id='par_1_4' title="bbox 432 394 2458 1065">
     <span class='ocr_line' id='line_1_6' title="bbox 432 394 2433 464; baseline -0.002 -8"><span class='ocrx_word' id='word_1_16' title='bbox 432 394 666 464; x_wconf 75' lang='lat' dir='ltr'><strong>cohibent,</strong></span> <span class='ocrx_word' id='word_1_17' title='bbox 701 406 890 454; x_wconf 86' lang='lat' dir='ltr'><strong>veniunt</strong></span> <span class='ocrx_word' id='word_1_18' title='bbox 912 418 972 453; x_wconf 83' lang='lat' dir='ltr'><strong>ex</strong></span> <span class='ocrx_word' id='word_1_19' title='bbox 989 417 1143 450; x_wconf 88' lang='lat' dir='ltr'><strong>amore</strong></span> <span class='ocrx_word' id='word_1_20' title='bbox 1167 400 1229 448; x_wconf 83' lang='lat' dir='ltr'><strong>sui</strong></span> <span class='ocrx_word' id='word_1_21' title='bbox 1254 401 1302 448; x_wconf 86' lang='lat'>&amp;</span> <span class='ocrx_word' id='word_1_22' title='bbox 1328 401 1509 456; x_wconf 86' lang='lat' dir='ltr'><strong>mundi,</strong></span> <span class='ocrx_word' id='word_1_23' title='bbox 1535 401 1583 447; x_wconf 69' lang='grc' dir='ltr'><strong>δε</strong></span> <span class='ocrx_word' id='word_1_24' title='bbox 1607 398 1862 448; x_wconf 72' lang='lat' dir='ltr'><strong>suntamoi·</strong></span> <span class='ocrx_word' id='word_1_25' title='bbox 1886 399 2065 447; x_wconf 87' lang='lat' dir='ltr'><strong>honoris</strong></span> <span class='ocrx_word' id='word_1_26' title='bbox 2089 403 2138 449; x_wconf 89' lang='lat'>&amp;</span> <span class='ocrx_word' id='word_1_27' title='bbox 2162 405 2433 461; x_wconf 60' lang='lat' dir='ltr'><strong>eminentiae,</strong></span> 
     </span>
     <span class='ocr_line' id='line_1_7' title="bbox 434 464 2435 532; baseline -0.002 -9"><span class='ocrx_word' id='word_1_28' title='bbox 434 491 564 522; x_wconf 84' lang='lat' dir='ltr'><strong>amor</strong></span> <span class='ocrx_word' id='word_1_29' title='bbox 599 474 714 521; x_wconf 90' lang='lat' dir='ltr'><strong>lucri</strong></span> <span class='ocrx_word' id='word_1_30' title='bbox 754 474 802 519; x_wconf 85' lang='lat'>&amp;</span> <span class='ocrx_word' id='word_1_31' title='bbox 839 469 945 517; x_wconf 87' lang='lat' dir='ltr'><strong>inde</strong></span> <span class='ocrx_word' id='word_1_32' title='bbox 983 484 1167 532; x_wconf 88' lang='lat' dir='ltr'><strong>quoque</strong></span> <span class='ocrx_word' id='word_1_33' title='bbox 1207 469 1444 531; x_wconf 84' lang='lat' dir='ltr'><strong>potentiae,</strong></span> <span class='ocrx_word' id='word_1_34' title='bbox 1493 467 1555 513; x_wconf 85' lang='lat' dir='ltr'><strong>ita</strong></span> <span class='ocrx_word' id='word_1_35' title='bbox 1591 479 1718 512; x_wconf 86' lang='lat' dir='ltr'><strong>amor</strong></span> <span class='ocrx_word' id='word_1_36' title='bbox 1755 464 1928 521; x_wconf 79' lang='lat' dir='ltr'><strong>famae3</strong></span> <span class='ocrx_word' id='word_1_37' title='bbox 1977 467 2057 513; x_wconf 88' lang='lat' dir='ltr'><strong>sub</strong></span> <span class='ocrx_word' id='word_1_38' title='bbox 2093 468 2161 515; x_wconf 88' lang='lat' dir='ltr'><strong>his</strong></span> <span class='ocrx_word' id='word_1_39' title='bbox 2207 471 2435 518; x_wconf 83' lang='lat' dir='ltr'><strong>amoribus</strong></span> 
     </span>
     <span class='ocr_line' id='line_1_8' title="bbox 437 531 2434 600; baseline -0.003 -12"><span class='ocrx_word' id='word_1_40' title='bbox 437 541 600 588; x_wconf 90' lang='lat' dir='ltr'><strong>odium</strong></span> <span class='ocrx_word' id='word_1_41' title='bbox 640 551 795 586; x_wconf 87' lang='lat' dir='ltr'><strong>contra</strong></span> <span class='ocrx_word' id='word_1_42' title='bbox 827 536 1096 600; x_wconf 86' lang='lat' dir='ltr'><strong>proximum</strong></span> <span class='ocrx_word' id='word_1_43' title='bbox 1120 534 1160 581; x_wconf 90' lang='lat' dir='ltr'><strong>se</strong></span> <span class='ocrx_word' id='word_1_44' title='bbox 1184 533 1400 589; x_wconf 87' lang='lat' dir='ltr'><strong>occultat,</strong></span> <span class='ocrx_word' id='word_1_45' title='bbox 1434 532 1561 596; x_wconf 90' lang='lat' dir='ltr'><strong>quod</strong></span> <span class='ocrx_word' id='word_1_46' title='bbox 1585 532 1672 579; x_wconf 89' lang='lat' dir='ltr'><strong>tale</strong></span> <span class='ocrx_word' id='word_1_47' title='bbox 1695 531 1774 588; x_wconf 87' lang='lat' dir='ltr'><strong>est,</strong></span> <span class='ocrx_word' id='word_1_48' title='bbox 1809 544 1862 579; x_wconf 93' lang='lat' dir='ltr'><strong>ut</strong></span> <span class='ocrx_word' id='word_1_49' title='bbox 1885 534 2096 579; x_wconf 89' lang='lat' dir='ltr'><strong>omnibus</strong></span> <span class='ocrx_word' id='word_1_50' title='bbox 2121 535 2335 597; x_wconf 80' lang='lat' dir='ltr'><strong>imperare</strong></span> <span class='ocrx_word' id='word_1_51' title='bbox 2357 554 2434 582; x_wconf 88' lang='lat' dir='ltr'><strong>ve-</strong></span> 
     </span>
     <span class='ocr_line' id='line_1_9' title="bbox 442 599 2433 666; baseline -0.003 -12"><span class='ocrx_word' id='word_1_52' title='bbox 442 608 545 663; x_wconf 89' lang='lat' dir='ltr'><strong>lint,</strong></span> <span class='ocrx_word' id='word_1_53' title='bbox 578 607 628 652; x_wconf 87' lang='lat'>&amp;</span> <span class='ocrx_word' id='word_1_54' title='bbox 651 604 804 652; x_wconf 86' lang='lat' dir='ltr'><strong>omnia</strong></span> <span class='ocrx_word' id='word_1_55' title='bbox 836 617 944 666; x_wconf 84' lang='lat' dir='ltr'><strong>quae</strong></span> <span class='ocrx_word' id='word_1_56' title='bbox 979 601 1090 648; x_wconf 89' lang='lat' dir='ltr'><strong>alius</strong></span> <span class='ocrx_word' id='word_1_57' title='bbox 1129 600 1248 658; x_wconf 89' lang='lat' dir='ltr'><strong>sunt,</strong></span> <span class='ocrx_word' id='word_1_58' title='bbox 1284 599 1518 664; x_wconf 88' lang='lat' dir='ltr'><strong>poffidere,</strong></span> <span class='ocrx_word' id='word_1_59' title='bbox 1554 614 1658 661; x_wconf 89' lang='lat' dir='ltr'><strong>quae</strong></span> <span class='ocrx_word' id='word_1_60' title='bbox 1683 614 1792 645; x_wconf 90' lang='lat' dir='ltr'><strong>cum</strong></span> <span class='ocrx_word' id='word_1_61' title='bbox 1817 612 2155 662; x_wconf 83' lang='lat' dir='ltr'>oppugnantur,</span> <span class='ocrx_word' id='word_1_62' title='bbox 2193 604 2346 649; x_wconf 87' lang='lat' dir='ltr'><strong>animo</strong></span> <span class='ocrx_word' id='word_1_63' title='bbox 2370 619 2433 649; x_wconf 85' lang='lat' dir='ltr'><strong>re-</strong></span> 
     </span>
     <span class='ocr_line' id='line_1_10' title="bbox 441 664 2438 732; baseline -0.003 -11"><span class='ocrx_word' id='word_1_64' title='bbox 441 673 646 721; x_wconf 88' lang='lat' dir='ltr'><strong>condunt</strong></span> <span class='ocrx_word' id='word_1_65' title='bbox 668 670 1111 732; x_wconf 89' lang='lat' dir='ltr'><strong>contraproximum</strong></span> <span class='ocrx_word' id='word_1_66' title='bbox 1148 667 1279 714; x_wconf 90' lang='lat' dir='ltr'><strong>illum</strong></span> <span class='ocrx_word' id='word_1_67' title='bbox 1321 678 1624 722; x_wconf 85' lang='lat' dir='ltr'>contemtum,</span> <span class='ocrx_word' id='word_1_68' title='bbox 1662 664 1826 730; x_wconf 88' lang='lat' dir='ltr'>spirant</span> <span class='ocrx_word' id='word_1_69' title='bbox 1849 665 2117 721; x_wconf 66' lang='lat' dir='ltr'><strong>vindistam,</strong></span> <span class='ocrx_word' id='word_1_70' title='bbox 2154 665 2346 715; x_wconf 88' lang='lat' dir='ltr'><strong>sentiunt</strong></span> <span class='ocrx_word' id='word_1_71' title='bbox 2363 667 2438 730; x_wconf 85' lang='lat' dir='ltr'><strong>ju-</strong></span> 
     </span>
     <span class='ocr_line' id='line_1_11' title="bbox 440 732 2440 800; baseline -0.003 -14"><span class='ocrx_word' id='word_1_72' title='bbox 440 738 647 795; x_wconf 88' lang='lat' dir='ltr'><strong>cundum</strong></span> <span class='ocrx_word' id='word_1_73' title='bbox 671 738 718 783; x_wconf 88' lang='lat' dir='ltr'><strong>in</strong></span> <span class='ocrx_word' id='word_1_74' title='bbox 740 733 834 800; x_wconf 85' lang='lat' dir='ltr'><strong>ejus</strong></span> <span class='ocrx_word' id='word_1_75' title='bbox 857 734 1070 799; x_wconf 80' lang='lat' dir='ltr'><strong>pernicie,</strong></span> <span class='ocrx_word' id='word_1_76' title='bbox 1106 734 1203 783; x_wconf 91' lang='lat' dir='ltr'><strong>imo</strong></span> <span class='ocrx_word' id='word_1_77' title='bbox 1226 733 1509 781; x_wconf 87' lang='lat' dir='ltr'><strong>crudelitates</strong></span> <span class='ocrx_word' id='word_1_78' title='bbox 1541 743 1753 780; x_wconf 85' lang='lat' dir='ltr'><strong>exercent</strong></span> <span class='ocrx_word' id='word_1_79' title='bbox 1775 743 1997 795; x_wconf 90' lang='lat' dir='ltr'><strong>quantum</strong></span> <span class='ocrx_word' id='word_1_80' title='bbox 2020 732 2186 779; x_wconf 90' lang='lat' dir='ltr'><strong>audent</strong></span> <span class='ocrx_word' id='word_1_81' title='bbox 2200 755 2219 788; x_wconf 88' lang='lat'><strong>··,</strong></span> <span class='ocrx_word' id='word_1_82' title='bbox 2255 735 2302 780; x_wconf 88' lang='lat' dir='ltr'><strong>in</strong></span> <span class='ocrx_word' id='word_1_83' title='bbox 2335 735 2440 783; x_wconf 83' lang='lat' dir='ltr'><strong>talia</strong></span> 
     </span>
     <span class='ocr_line' id='line_1_12' title="bbox 441 796 2438 864; baseline -0.003 -12"><span class='ocrx_word' id='word_1_84' title='bbox 441 805 633 852; x_wconf 88' lang='lat' dir='ltr'><strong>demum</strong></span> <span class='ocrx_word' id='word_1_85' title='bbox 657 802 750 850; x_wconf 87' lang='lat' dir='ltr'><strong>abit</strong></span> <span class='ocrx_word' id='word_1_86' title='bbox 771 802 957 849; x_wconf 85' lang='lat' dir='ltr'><strong>charitas</strong></span> <span class='ocrx_word' id='word_1_87' title='bbox 980 800 1195 849; x_wconf 85' lang='lat' dir='ltr'><strong>Ecclefiae</strong></span> <span class='ocrx_word' id='word_1_88' title='bbox 1220 816 1327 848; x_wconf 90' lang='lat' dir='ltr'><strong>cum</strong></span> <span class='ocrx_word' id='word_1_89' title='bbox 1352 796 1447 864; x_wconf 90' lang='lat' dir='ltr'><strong>ejus</strong></span> <span class='ocrx_word' id='word_1_90' title='bbox 1470 799 1572 846; x_wconf 89' lang='lat' dir='ltr'><strong>finis</strong></span> <span class='ocrx_word' id='word_1_91' title='bbox 1595 798 1674 856; x_wconf 90' lang='lat' dir='ltr'><strong>est,</strong></span> <span class='ocrx_word' id='word_1_92' title='bbox 1710 800 1760 846; x_wconf 77' lang='grc' dir='ltr'><strong>δε</strong></span> <span class='ocrx_word' id='word_1_93' title='bbox 1784 810 1894 846; x_wconf 89' lang='lat' dir='ltr'><strong>tunc</strong></span> <span class='ocrx_word' id='word_1_94' title='bbox 1918 798 2085 847; x_wconf 88' lang='lat' dir='ltr'><strong>dicitur</strong></span> <span class='ocrx_word' id='word_1_95' title='bbox 2107 799 2164 846; x_wconf 91' lang='lat' dir='ltr'><strong>de</strong></span> <span class='ocrx_word' id='word_1_96' title='bbox 2186 799 2275 856; x_wconf 87' lang='lat' dir='ltr'><strong>illa,</strong></span> <span class='ocrx_word' id='word_1_97' title='bbox 2310 801 2438 863; x_wconf 89' lang='lat' dir='ltr'><strong>quod</strong></span> 
     </span>
     <span class='ocr_line' id='line_1_13' title="bbox 440 864 2439 933; baseline -0.002 -16"><span class='ocrx_word' id='word_1_98' title='bbox 440 870 565 930; x_wconf 81' lang='lat' dir='ltr'><strong>nulla</strong></span> <span class='ocrx_word' id='word_1_99' title='bbox 586 869 781 933; x_wconf 88' lang='lat' dir='ltr'><strong>amplius</strong></span> <span class='ocrx_word' id='word_1_100' title='bbox 804 868 933 925; x_wconf 88' lang='lat' dir='ltr'>fides,</span> <span class='ocrx_word' id='word_1_101' title='bbox 970 884 1075 915; x_wconf 90' lang='lat' dir='ltr'><strong>nam</strong></span> <span class='ocrx_word' id='word_1_102' title='bbox 1100 867 1180 914; x_wconf 92' lang='lat' dir='ltr'><strong>ubi</strong></span> <span class='ocrx_word' id='word_1_103' title='bbox 1204 883 1296 914; x_wconf 91' lang='lat' dir='ltr'><strong>non</strong></span> <span class='ocrx_word' id='word_1_104' title='bbox 1320 867 1507 914; x_wconf 88' lang='lat' dir='ltr'><strong>charitas</strong></span> <span class='ocrx_word' id='word_1_105' title='bbox 1531 882 1613 913; x_wconf 90' lang='lat' dir='ltr'><strong>nec</strong></span> <span class='ocrx_word' id='word_1_106' title='bbox 1637 864 1702 912; x_wconf 89' lang='lat' dir='ltr'><strong>est</strong></span> <span class='ocrx_word' id='word_1_107' title='bbox 1725 865 1854 922; x_wconf 87' lang='lat' dir='ltr'><strong>fides,</strong></span> <span class='ocrx_word' id='word_1_108' title='bbox 1891 865 2016 928; x_wconf 92' lang='lat' dir='ltr'><strong>quod</strong></span> <span class='ocrx_word' id='word_1_109' title='bbox 2041 865 2272 914; x_wconf 83' lang='lat' dir='ltr'><strong>multoties</strong></span> <span class='ocrx_word' id='word_1_110' title='bbox 2293 866 2439 914; x_wconf 90' lang='lat' dir='ltr'><strong>osten-</strong></span> 
     </span>
     <span class='ocr_line' id='line_1_14' title="bbox 442 930 2441 1000; baseline -0.003 -15"><span class='ocrx_word' id='word_1_111' title='bbox 442 938 573 986; x_wconf 88' lang='lat' dir='ltr'><strong>sum:</strong></span> <span class='ocrx_word' id='word_1_112' title='bbox 608 934 792 983; x_wconf 89' lang='lat' dir='ltr'><strong>fuerunt</strong></span> <span class='ocrx_word' id='word_1_113' title='bbox 826 935 978 1000; x_wconf 90' lang='lat' dir='ltr'><strong>plures</strong></span> <span class='ocrx_word' id='word_1_114' title='bbox 1006 933 1238 994; x_wconf 74' lang='lat' dir='ltr'><strong>Ecclesiae,</strong></span> <span class='ocrx_word' id='word_1_115' title='bbox 1273 948 1380 996; x_wconf 85' lang='lat' dir='ltr'><strong>quae</strong></span> <span class='ocrx_word' id='word_1_116' title='bbox 1414 948 1471 979; x_wconf 89' lang='lat' dir='ltr'><strong>ex</strong></span> <span class='ocrx_word' id='word_1_117' title='bbox 1493 931 1650 980; x_wconf 91' lang='lat' dir='ltr'><strong>Verbo</strong></span> <span class='ocrx_word' id='word_1_118' title='bbox 1689 943 1812 979; x_wconf 85' lang='lat' dir='ltr'><strong>notae</strong></span> <span class='ocrx_word' id='word_1_119' title='bbox 1844 930 1962 989; x_wconf 90' lang='lat' dir='ltr'><strong>sunt,</strong></span> <span class='ocrx_word' id='word_1_120' title='bbox 1998 931 2162 995; x_wconf 89' lang='lat' dir='ltr'><strong>quibus</strong></span> <span class='ocrx_word' id='word_1_121' title='bbox 2203 932 2302 980; x_wconf 87' lang='lat' dir='ltr'><strong>talis</strong></span> <span class='ocrx_word' id='word_1_122' title='bbox 2341 933 2441 979; x_wconf 89' lang='lat' dir='ltr'><strong>finis</strong></span> 
     </span>
     <span class='ocr_line' id='line_1_15' title="bbox 442 997 2458 1065; baseline -0.002 -14"><span class='ocrx_word' id='word_1_123' title='bbox 442 1002 532 1052; x_wconf 91' lang='lat' dir='ltr'><strong>fuit</strong></span> <span class='ocrx_word' id='word_1_124' title='bbox 552 1025 579 1060; x_wconf 26' lang='lat'><strong>3&lt;</strong></span> <span class='ocrx_word' id='word_1_125' title='bbox 602 1003 928 1065; x_wconf 89' lang='lat' dir='ltr'><strong>Antiquiffima</strong></span> <span class='ocrx_word' id='word_1_126' title='bbox 960 1000 1158 1048; x_wconf 80' lang='lat' dir='ltr'><strong>Ecclesia</strong></span> <span class='ocrx_word' id='word_1_127' title='bbox 1190 1002 1251 1047; x_wconf 91' lang='lat' dir='ltr'><strong>ita</strong></span> <span class='ocrx_word' id='word_1_128' title='bbox 1282 999 1522 1062; x_wconf 75' lang='lat' dir='ltr'><strong>exspiravit</strong></span> <span class='ocrx_word' id='word_1_129' title='bbox 1557 1000 1675 1046; x_wconf 91' lang='lat' dir='ltr'><strong>circa</strong></span> <span class='ocrx_word' id='word_1_130' title='bbox 1713 997 1978 1054; x_wconf 88' lang='lat' dir='ltr'><strong>diluvium·,</strong></span> <span class='ocrx_word' id='word_1_131' title='bbox 2014 999 2222 1062; x_wconf 90' lang='lat' dir='ltr'><strong>Antiqua</strong></span> <span class='ocrx_word' id='word_1_132' title='bbox 2245 999 2458 1046; x_wconf 36' lang='lat' dir='ltr'><strong>Ecclefia*</strong></span> 
     </span>
    </p>
   </div>
   <div class='ocr_carea' id='block_1_5' title="bbox 380 1065 2442 1135">
    <p class='ocr_par' dir='ltr' id='par_1_5' title="bbox 380 1065 2442 1135">
     <span class='ocr_line' id='line_1_16' title="bbox 380 1065 2442 1135; baseline -0.002 -18"><span class='ocrx_word' id='word_1_133' title='bbox 380 1084 386 1089; x_wconf 82' lang='grc'><em>’</em></span> <span class='ocrx_word' id='word_1_134' title='bbox 441 1086 551 1135; x_wconf 84' lang='lat' dir='ltr'><strong>quae</strong></span> <span class='ocrx_word' id='word_1_135' title='bbox 591 1068 692 1133; x_wconf 91' lang='lat' dir='ltr'><strong>post</strong></span> <span class='ocrx_word' id='word_1_136' title='bbox 731 1068 981 1124; x_wconf 89' lang='lat' dir='ltr'><strong>diluvium,</strong></span> <span class='ocrx_word' id='word_1_137' title='bbox 1018 1066 1254 1123; x_wconf 75' lang='lat' dir='ltr'><strong>fimiliter3</strong></span> <span class='ocrx_word' id='word_1_138' title='bbox 1289 1065 1426 1114; x_wconf 77' lang='lat' dir='ltr'><strong>etiam</strong></span> <span class='ocrx_word' id='word_1_139' title='bbox 1461 1065 1661 1113; x_wconf 80' lang='lat' dir='ltr'><strong>Ecclesia</strong></span> <span class='ocrx_word' id='word_1_140' title='bbox 1695 1065 1831 1112; x_wconf 88' lang='lat' dir='ltr'><strong>altera</strong></span> <span class='ocrx_word' id='word_1_141' title='bbox 1851 1066 2075 1128; x_wconf 86' lang='lat' dir='ltr'><strong>Antiqua,</strong></span> <span class='ocrx_word' id='word_1_142' title='bbox 2111 1082 2216 1128; x_wconf 82' lang='lat' dir='ltr'><strong>quae</strong></span> <span class='ocrx_word' id='word_1_143' title='bbox 2242 1065 2442 1113; x_wconf 84' lang='lat' dir='ltr'><strong>Hebraea</strong></span> 
     </span>
    </p>
   </div>
   <div class='ocr_carea' id='block_1_6' title="bbox 440 1130 2455 1724">
    <p class='ocr_par' dir='ltr' id='par_1_6' title="bbox 440 1130 2455 1724">
     <span class='ocr_line' id='line_1_17' title="bbox 440 1130 2444 1196; baseline -0.002 -12"><span class='ocrx_word' id='word_1_144' title='bbox 440 1136 605 1184; x_wconf 84' lang='lat' dir='ltr'><strong>vocata</strong></span> <span class='ocrx_word' id='word_1_145' title='bbox 625 1158 639 1191; x_wconf 77' lang='lat'>3</span> <span class='ocrx_word' id='word_1_146' title='bbox 675 1135 868 1190; x_wconf 88' lang='lat' dir='ltr'><strong>demum</strong></span> <span class='ocrx_word' id='word_1_147' title='bbox 890 1133 1090 1181; x_wconf 88' lang='lat' dir='ltr'><strong>Ecclefia</strong></span> <span class='ocrx_word' id='word_1_148' title='bbox 1111 1133 1320 1195; x_wconf 89' lang='lat' dir='ltr'><strong>Judaica‚</strong></span> <span class='ocrx_word' id='word_1_149' title='bbox 1357 1148 1462 1196; x_wconf 85' lang='lat' dir='ltr'><strong>quae</strong></span> <span class='ocrx_word' id='word_1_150' title='bbox 1486 1131 1705 1195; x_wconf 87' lang='lat' dir='ltr'><strong>nusquam</strong></span> <span class='ocrx_word' id='word_1_151' title='bbox 1730 1130 1818 1178; x_wconf 90' lang='lat' dir='ltr'><strong>fuit</strong></span> <span class='ocrx_word' id='word_1_152' title='bbox 1847 1131 1995 1195; x_wconf 92' lang='lat' dir='ltr'><strong>aliqua</strong></span> <span class='ocrx_word' id='word_1_153' title='bbox 2016 1132 2215 1179; x_wconf 82' lang='lat' dir='ltr'><strong>Ecclesia</strong></span> <span class='ocrx_word' id='word_1_154' title='bbox 2237 1148 2262 1179; x_wconf 91' lang='lat' dir='ltr'><strong>a</strong></span> <span class='ocrx_word' id='word_1_155' title='bbox 2284 1133 2444 1180; x_wconf 87' lang='lat' dir='ltr'><strong>Chari-</strong></span> 
     </span>
     <span class='ocr_line' id='line_1_18' title="bbox 447 1196 2445 1263; baseline -0.003 -12"><span class='ocrx_word' id='word_1_156' title='bbox 447 1215 538 1251; x_wconf 89' lang='lat' dir='ltr'><strong>tate</strong></span> <span class='ocrx_word' id='word_1_157' title='bbox 577 1201 826 1258; x_wconf 74' lang='lat' dir='ltr'><strong>inchoans3</strong></span> <span class='ocrx_word' id='word_1_158' title='bbox 878 1200 952 1247; x_wconf 89' lang='lat' dir='ltr'><strong>sed</strong></span> <span class='ocrx_word' id='word_1_159' title='bbox 992 1200 1136 1248; x_wconf 91' lang='lat' dir='ltr'><strong>modo</strong></span> <span class='ocrx_word' id='word_1_160' title='bbox 1175 1197 1263 1246; x_wconf 91' lang='lat' dir='ltr'><strong>fuit</strong></span> <span class='ocrx_word' id='word_1_161' title='bbox 1303 1197 1660 1262; x_wconf 70' lang='lat' dir='ltr'><strong>repraesent&#39;ativa</strong></span> <span class='ocrx_word' id='word_1_162' title='bbox 1699 1196 1929 1253; x_wconf 79' lang='lat' dir='ltr'><strong>Ecclesiae,</strong></span> <span class='ocrx_word' id='word_1_163' title='bbox 1965 1197 2026 1245; x_wconf 93' lang='lat' dir='ltr'><strong>ob</strong></span> <span class='ocrx_word' id='word_1_164' title='bbox 2062 1197 2255 1256; x_wconf 84' lang='lat' dir='ltr'><strong>causam,</strong></span> <span class='ocrx_word' id='word_1_165' title='bbox 2292 1211 2344 1246; x_wconf 91' lang='lat' dir='ltr'><strong>ut</strong></span> <span class='ocrx_word' id='word_1_166' title='bbox 2364 1215 2445 1263; x_wconf 85' lang='lat' dir='ltr'><strong>per</strong></span> 
     </span>
     <span class='ocr_line' id='line_1_19' title="bbox 448 1263 2445 1332; baseline -0.003 -15"><span class='ocrx_word' id='word_1_167' title='bbox 448 1267 805 1332; x_wconf 64' lang='lat' dir='ltr'><strong>repraesentativa</strong></span> <span class='ocrx_word' id='word_1_168' title='bbox 844 1265 1077 1330; x_wconf 85' lang='lat' dir='ltr'><strong>superesset</strong></span> <span class='ocrx_word' id='word_1_169' title='bbox 1113 1265 1472 1313; x_wconf 85' lang='lat' dir='ltr'><strong>communicatio</strong></span> <span class='ocrx_word' id='word_1_170' title='bbox 1494 1280 1603 1312; x_wconf 92' lang='lat' dir='ltr'><strong>cum</strong></span> <span class='ocrx_word' id='word_1_171' title='bbox 1627 1263 1766 1320; x_wconf 87' lang='lat' dir='ltr'><strong>coe10,</strong></span> <span class='ocrx_word' id='word_1_172' title='bbox 1800 1276 2043 1327; x_wconf 88' lang='lat' dir='ltr'><strong>antequam</strong></span> <span class='ocrx_word' id='word_1_173' title='bbox 2064 1265 2297 1312; x_wconf 86' lang='lat' dir='ltr'><strong>Dominus</strong></span> <span class='ocrx_word' id='word_1_174' title='bbox 2319 1268 2445 1312; x_wconf 85' lang='lat' dir='ltr'><strong>veni·</strong></span> 
     </span>
     <span class='ocr_line' id='line_1_20' title="bbox 451 1327 2446 1394; baseline -0.002 -11"><span class='ocrx_word' id='word_1_175' title='bbox 451 1347 518 1384; x_wconf 89' lang='lat' dir='ltr'><strong>ret</strong></span> <span class='ocrx_word' id='word_1_176' title='bbox 541 1336 588 1381; x_wconf 92' lang='lat' dir='ltr'><strong>in</strong></span> <span class='ocrx_word' id='word_1_177' title='bbox 613 1333 842 1381; x_wconf 90' lang='lat' dir='ltr'><strong>mundum</strong></span> <span class='ocrx_word' id='word_1_178' title='bbox 864 1355 879 1389; x_wconf 87' lang='lat'>;</span> <span class='ocrx_word' id='word_1_179' title='bbox 915 1332 1020 1380; x_wconf 88' lang='lat' dir='ltr'><strong>dein</strong></span> <span class='ocrx_word' id='word_1_180' title='bbox 1043 1348 1068 1379; x_wconf 90' lang='lat' dir='ltr'><strong>a</strong></span> <span class='ocrx_word' id='word_1_181' title='bbox 1088 1333 1297 1379; x_wconf 89' lang='lat' dir='ltr'><strong>Domino</strong></span> <span class='ocrx_word' id='word_1_182' title='bbox 1318 1330 1575 1379; x_wconf 90' lang='lat' dir='ltr'><strong>exsuscitata</strong></span> <span class='ocrx_word' id='word_1_183' title='bbox 1595 1330 1657 1378; x_wconf 90' lang='lat' dir='ltr'><strong>est</strong></span> <span class='ocrx_word' id='word_1_184' title='bbox 1680 1331 1821 1378; x_wconf 87' lang='lat' dir='ltr'><strong>Nova</strong></span> <span class='ocrx_word' id='word_1_185' title='bbox 1843 1330 2057 1388; x_wconf 72' lang='lat' dir='ltr'><strong>Ecclesia,</strong></span> <span class='ocrx_word' id='word_1_186' title='bbox 2092 1327 2199 1394; x_wconf 66' lang='lat' dir='ltr'><strong>qu&#39;ae</strong></span> <span class='ocrx_word' id='word_1_187' title='bbox 2223 1333 2446 1380; x_wconf 87' lang='lat' dir='ltr'><strong>Gentium</strong></span> 
     </span>
     <span class='ocr_line' id='line_1_21' title="bbox 450 1395 2446 1458; baseline -0.002 -9"><span class='ocrx_word' id='word_1_188' title='bbox 450 1401 587 1458; x_wconf 70' lang='lat' dir='ltr'><strong>dic‘ta,</strong></span> <span class='ocrx_word' id='word_1_189' title='bbox 623 1401 674 1448; x_wconf 68' lang='lat' dir='ltr'><strong>&amp;c</strong></span> <span class='ocrx_word' id='word_1_190' title='bbox 710 1398 800 1447; x_wconf 89' lang='lat' dir='ltr'><strong>fuit</strong></span> <span class='ocrx_word' id='word_1_191' title='bbox 835 1400 1022 1455; x_wconf 91' lang='lat' dir='ltr'><strong>interna,</strong></span> <span class='ocrx_word' id='word_1_192' title='bbox 1059 1414 1163 1446; x_wconf 90' lang='lat' dir='ltr'><strong>nam</strong></span> <span class='ocrx_word' id='word_1_193' title='bbox 1205 1399 1413 1445; x_wconf 89' lang='lat' dir='ltr'><strong>interiora</strong></span> <span class='ocrx_word' id='word_1_194' title='bbox 1447 1412 1555 1445; x_wconf 90' lang='lat' dir='ltr'><strong>vera</strong></span> <span class='ocrx_word' id='word_1_195' title='bbox 1592 1414 1616 1444; x_wconf 92' lang='lat' dir='ltr'><strong>a</strong></span> <span class='ocrx_word' id='word_1_196' title='bbox 1637 1397 1846 1444; x_wconf 88' lang='lat' dir='ltr'><strong>Domino</strong></span> <span class='ocrx_word' id='word_1_197' title='bbox 1871 1395 2061 1444; x_wconf 88' lang='lat' dir='ltr'><strong>revelata</strong></span> <span class='ocrx_word' id='word_1_198' title='bbox 2095 1398 2213 1453; x_wconf 90' lang='lat' dir='ltr'><strong>sunt,</strong></span> <span class='ocrx_word' id='word_1_199' title='bbox 2250 1397 2323 1445; x_wconf 84' lang='lat' dir='ltr'><strong>sed</strong></span> <span class='ocrx_word' id='word_1_200' title='bbox 2347 1399 2446 1445; x_wconf 88' lang='lat' dir='ltr'><strong>haec</strong></span> 
     </span>
     <span class='ocr_line' id='line_1_22' title="bbox 452 1463 2450 1528; baseline -0.002 -13"><span class='ocrx_word' id='word_1_201' title='bbox 452 1467 653 1523; x_wconf 87' lang='lat' dir='ltr'><strong>Ecclefia</strong></span> <span class='ocrx_word' id='word_1_202' title='bbox 690 1481 811 1513; x_wconf 88' lang='lat' dir='ltr'><strong>nunc</strong></span> <span class='ocrx_word' id='word_1_203' title='bbox 843 1467 889 1512; x_wconf 93' lang='lat' dir='ltr'><strong>in</strong></span> <span class='ocrx_word' id='word_1_204' title='bbox 923 1465 1003 1512; x_wconf 91' lang='lat' dir='ltr'><strong>suo</strong></span> <span class='ocrx_word' id='word_1_205' title='bbox 1032 1464 1125 1512; x_wconf 89' lang='lat' dir='ltr'><strong>fine</strong></span> <span class='ocrx_word' id='word_1_206' title='bbox 1157 1463 1238 1521; x_wconf 88' lang='lat' dir='ltr'><strong>est,</strong></span> <span class='ocrx_word' id='word_1_207' title='bbox 1273 1465 1380 1528; x_wconf 88' lang='lat' dir='ltr'><strong>quia</strong></span> <span class='ocrx_word' id='word_1_208' title='bbox 1413 1478 1534 1511; x_wconf 90' lang='lat' dir='ltr'><strong>nunc</strong></span> <span class='ocrx_word' id='word_1_209' title='bbox 1571 1479 1664 1510; x_wconf 90' lang='lat' dir='ltr'><strong>non</strong></span> <span class='ocrx_word' id='word_1_210' title='bbox 1704 1463 1849 1510; x_wconf 92' lang='lat' dir='ltr'><strong>solum</strong></span> <span class='ocrx_word' id='word_1_211' title='bbox 1891 1463 2013 1510; x_wconf 90' lang='lat' dir='ltr'><strong>nulla</strong></span> <span class='ocrx_word' id='word_1_212' title='bbox 2051 1463 2237 1512; x_wconf 84' lang='lat' dir='ltr'><strong>charitas</strong></span> <span class='ocrx_word' id='word_1_213' title='bbox 2260 1464 2339 1520; x_wconf 85' lang='lat' dir='ltr'><strong>est,</strong></span> <span class='ocrx_word' id='word_1_214' title='bbox 2375 1463 2450 1511; x_wconf 91' lang='lat' dir='ltr'><strong>sed</strong></span> 
     </span>
     <span class='ocr_line' id='line_1_23' title="bbox 452 1527 2450 1593; baseline -0.003 -11"><span class='ocrx_word' id='word_1_215' title='bbox 452 1534 558 1592; x_wconf 85' lang='lat' dir='ltr'><strong>loco</strong></span> <span class='ocrx_word' id='word_1_216' title='bbox 578 1533 802 1581; x_wconf 74' lang='lat' dir='ltr'><strong>charitatis</strong></span> <span class='ocrx_word' id='word_1_217' title='bbox 822 1532 1002 1586; x_wconf 90' lang='lat' dir='ltr'><strong>odium,</strong></span> <span class='ocrx_word' id='word_1_218' title='bbox 1036 1531 1164 1592; x_wconf 92' lang='lat' dir='ltr'><strong>quod</strong></span> <span class='ocrx_word' id='word_1_219' title='bbox 1200 1529 1376 1576; x_wconf 87' lang='lat' dir='ltr'><strong>tametfi</strong></span> <span class='ocrx_word' id='word_1_220' title='bbox 1417 1546 1508 1576; x_wconf 91' lang='lat' dir='ltr'><strong>non</strong></span> <span class='ocrx_word' id='word_1_221' title='bbox 1545 1541 1726 1576; x_wconf 89' lang='lat' dir='ltr'><strong>externa</strong></span> <span class='ocrx_word' id='word_1_222' title='bbox 1765 1527 1914 1576; x_wconf 89' lang='lat' dir='ltr'><strong>forma</strong></span> <span class='ocrx_word' id='word_1_223' title='bbox 1937 1542 2139 1593; x_wconf 88' lang='lat' dir='ltr'><strong>apparet,</strong></span> <span class='ocrx_word' id='word_1_224' title='bbox 2172 1530 2311 1593; x_wconf 74' lang='lat' dir='ltr'><strong>usque</strong></span> <span class='ocrx_word' id='word_1_225' title='bbox 2336 1532 2450 1577; x_wconf 86' lang='lat' dir='ltr'><strong>inte·</strong></span> 
     </span>
     <span class='ocr_line' id='line_1_24' title="bbox 452 1593 2451 1661; baseline -0.002 -14"><span class='ocrx_word' id='word_1_226' title='bbox 452 1600 547 1661; x_wconf 70' lang='lat' dir='ltr'><strong>rius</strong></span> <span class='ocrx_word' id='word_1_227' title='bbox 567 1597 647 1654; x_wconf 87' lang='lat' dir='ltr'><strong>est,</strong></span> <span class='ocrx_word' id='word_1_228' title='bbox 683 1611 734 1644; x_wconf 86' lang='lat' dir='ltr'><strong>ac</strong></span> <span class='ocrx_word' id='word_1_229' title='bbox 755 1596 958 1657; x_wconf 86' lang='lat' dir='ltr'><strong>erumpit</strong></span> <span class='ocrx_word' id='word_1_230' title='bbox 984 1596 1162 1657; x_wconf 84' lang='lat' dir='ltr'><strong>quoties</strong></span> <span class='ocrx_word' id='word_1_231' title='bbox 1194 1595 1326 1641; x_wconf 85' lang='lat' dir='ltr'><strong>alicui</strong></span> <span class='ocrx_word' id='word_1_232' title='bbox 1356 1593 1559 1656; x_wconf 84' lang='lat' dir='ltr'><strong>poffibile</strong></span> <span class='ocrx_word' id='word_1_233' title='bbox 1590 1594 1672 1650; x_wconf 89' lang='lat' dir='ltr'><strong>est,</strong></span> <span class='ocrx_word' id='word_1_234' title='bbox 1706 1594 1793 1643; x_wconf 89' lang='lat' dir='ltr'><strong>hoc</strong></span> <span class='ocrx_word' id='word_1_235' title='bbox 1833 1594 1913 1651; x_wconf 89' lang='lat' dir='ltr'><strong>est,</strong></span> <span class='ocrx_word' id='word_1_236' title='bbox 1947 1596 2125 1658; x_wconf 85' lang='lat' dir='ltr'><strong>quoties</strong></span> <span class='ocrx_word' id='word_1_237' title='bbox 2147 1609 2329 1643; x_wconf 81' lang='lat' dir='ltr'><strong>externa</strong></span> <span class='ocrx_word' id='word_1_238' title='bbox 2351 1598 2451 1643; x_wconf 78' lang='lat' dir='ltr'><strong>vin-</strong></span> 
     </span>
     <span class='ocr_line' id='line_1_25' title="bbox 452 1657 2455 1724; baseline -0.002 -10"><span class='ocrx_word' id='word_1_239' title='bbox 452 1665 557 1715; x_wconf 87' lang='lat' dir='ltr'><strong>cula</strong></span> <span class='ocrx_word' id='word_1_240' title='bbox 577 1679 668 1711; x_wconf 91' lang='lat' dir='ltr'><strong>non</strong></span> <span class='ocrx_word' id='word_1_241' title='bbox 693 1660 919 1716; x_wconf 87' lang='lat' dir='ltr'><strong>cohibent.</strong></span> <span class='ocrx_word' id='word_1_242' title='bbox 987 1661 1161 1708; x_wconf 88' lang='lat' dir='ltr'><strong>Praeter</strong></span> <span class='ocrx_word' id='word_1_243' title='bbox 1183 1660 1278 1714; x_wconf 84' lang='lat' dir='ltr'><strong>illas</strong></span> <span class='ocrx_word' id='word_1_244' title='bbox 1302 1659 1522 1707; x_wconf 88' lang='lat' dir='ltr'><strong>Ecclefias</strong></span> <span class='ocrx_word' id='word_1_245' title='bbox 1550 1657 1734 1707; x_wconf 87' lang='lat' dir='ltr'><strong>fuerunt</strong></span> <span class='ocrx_word' id='word_1_246' title='bbox 1765 1660 2011 1723; x_wconf 86' lang='lat' dir='ltr'><strong>perplures,</strong></span> <span class='ocrx_word' id='word_1_247' title='bbox 2045 1677 2154 1724; x_wconf 83' lang='lat' dir='ltr'><strong>quae</strong></span> <span class='ocrx_word' id='word_1_248' title='bbox 2178 1678 2271 1709; x_wconf 89' lang='lat' dir='ltr'><strong>non</strong></span> <span class='ocrx_word' id='word_1_249' title='bbox 2294 1663 2354 1710; x_wconf 90' lang='lat' dir='ltr'><strong>ita</strong></span> <span class='ocrx_word' id='word_1_250' title='bbox 2377 1663 2455 1709; x_wconf 90' lang='lat' dir='ltr'><strong>de-</strong></span> 
     </span>
    </p>
   </div>
   <div class='ocr_carea' id='block_1_7' title="bbox 405 1725 2457 1796">
    <p class='ocr_par' dir='ltr' id='par_1_7' title="bbox 405 1725 2457 1796">
     <span class='ocr_line' id='line_1_26' title="bbox 405 1725 2457 1796; baseline -0 -19"><span class='ocrx_word' id='word_1_251' title='bbox 405 1768 413 1777; x_wconf 91' lang='lat'>.</span> <span class='ocrx_word' id='word_1_252' title='bbox 454 1731 634 1796; x_wconf 83' lang='lat' dir='ltr'><strong>scriptae</strong></span> <span class='ocrx_word' id='word_1_253' title='bbox 656 1729 774 1787; x_wconf 89' lang='lat' dir='ltr'><strong>sunt,</strong></span> <span class='ocrx_word' id='word_1_254' title='bbox 809 1727 1152 1791; x_wconf 86' lang='lat' dir='ltr'><strong>quae-fimiliter</strong></span> <span class='ocrx_word' id='word_1_255' title='bbox 1189 1726 1485 1774; x_wconf 88' lang='lat' dir='ltr'><strong>decreverunt</strong></span> <span class='ocrx_word' id='word_1_256' title='bbox 1516 1727 1567 1774; x_wconf 74' lang='grc' dir='ltr'><strong>δε</strong></span> <span class='ocrx_word' id='word_1_257' title='bbox 1591 1725 1633 1774; x_wconf 89' lang='lat' dir='ltr'><strong>se</strong></span> <span class='ocrx_word' id='word_1_258' title='bbox 1665 1725 1994 1774; x_wconf 85' lang='lat' dir='ltr'><strong>destruxerunt.</strong></span> <span class='ocrx_word' id='word_1_259' title='bbox 2065 1727 2222 1775; x_wconf 83' lang='lat' dir='ltr'><strong>Causae</strong></span> <span class='ocrx_word' id='word_1_260' title='bbox 2246 1728 2374 1792; x_wconf 89' lang='lat' dir='ltr'><strong>quod</strong></span> <span class='ocrx_word' id='word_1_261' title='bbox 2396 1731 2457 1785; x_wconf 78' lang='lat' dir='ltr'><strong>ita</strong></span> 
     </span>
    </p>
   </div>
   <div class='ocr_carea' id='block_1_8' title="bbox 455 1791 2461 2455">
    <p class='ocr_par' dir='ltr' id='par_1_8' title="bbox 455 1791 2461 2455">
     <span class='ocr_line' id='line_1_27' title="bbox 455 1791 2457 1858; baseline -0.001 -12"><span class='ocrx_word' id='word_1_262' title='bbox 455 1795 710 1847; x_wconf 87' lang='lat' dir='ltr'><strong>decrescant</strong></span> <span class='ocrx_word' id='word_1_263' title='bbox 747 1797 800 1844; x_wconf 75' lang='grc' dir='ltr'><strong>ὅτ</strong></span> <span class='ocrx_word' id='word_1_264' title='bbox 839 1793 881 1842; x_wconf 91' lang='lat' dir='ltr'><strong>se</strong></span> <span class='ocrx_word' id='word_1_265' title='bbox 920 1793 1167 1851; x_wconf 88' lang='lat' dir='ltr'><strong>destruant,</strong></span> <span class='ocrx_word' id='word_1_266' title='bbox 1220 1792 1323 1841; x_wconf 88' lang='lat' dir='ltr'><strong>sunt</strong></span> <span class='ocrx_word' id='word_1_267' title='bbox 1362 1793 1547 1858; x_wconf 66' lang='lat' dir='ltr'><strong>plures,</strong></span> <span class='ocrx_word' id='word_1_268' title='bbox 1583 1809 1673 1840; x_wconf 89' lang='lat' dir='ltr'><strong>una</strong></span> <span class='ocrx_word' id='word_1_269' title='bbox 1711 1791 1791 1849; x_wconf 89' lang='lat' dir='ltr'><strong>est,</strong></span> <span class='ocrx_word' id='word_1_270' title='bbox 1827 1793 1956 1857; x_wconf 91' lang='lat' dir='ltr'><strong>quod</strong></span> <span class='ocrx_word' id='word_1_271' title='bbox 1988 1807 2189 1857; x_wconf 89' lang='lat' dir='ltr'><strong>parentes</strong></span> <span class='ocrx_word' id='word_1_272' title='bbox 2221 1795 2457 1843; x_wconf 89' lang='lat' dir='ltr'><strong>cumulent</strong></span> 
     </span>
     <span class='ocr_line' id='line_1_28' title="bbox 458 1858 2457 1925; baseline -0.002 -13"><span class='ocrx_word' id='word_1_273' title='bbox 458 1865 595 1920; x_wconf 88' lang='lat' dir='ltr'><strong>mala,</strong></span> <span class='ocrx_word' id='word_1_274' title='bbox 631 1865 681 1912; x_wconf 84' lang='lat'>&amp;</span> <span class='ocrx_word' id='word_1_275' title='bbox 709 1879 767 1911; x_wconf 89' lang='lat' dir='ltr'><strong>ex</strong></span> <span class='ocrx_word' id='word_1_276' title='bbox 798 1859 1024 1925; x_wconf 88' lang='lat' dir='ltr'><strong>frequenti</strong></span> <span class='ocrx_word' id='word_1_277' title='bbox 1052 1859 1132 1908; x_wconf 90' lang='lat' dir='ltr'><strong>usu</strong></span> <span class='ocrx_word' id='word_1_278' title='bbox 1161 1859 1213 1908; x_wconf 78' lang='grc' dir='ltr'><strong>ὅτ</strong></span> <span class='ocrx_word' id='word_1_279' title='bbox 1249 1859 1432 1907; x_wconf 89' lang='lat' dir='ltr'><strong>tandem</strong></span> <span class='ocrx_word' id='word_1_280' title='bbox 1469 1859 1625 1907; x_wconf 89' lang='lat' dir='ltr'><strong>habitu</strong></span> <span class='ocrx_word' id='word_1_281' title='bbox 1665 1858 1740 1906; x_wconf 87' lang='lat' dir='ltr'><strong>illa</strong></span> <span class='ocrx_word' id='word_1_282' title='bbox 1778 1860 1996 1908; x_wconf 83' lang='lat' dir='ltr'><strong>inducant</strong></span> <span class='ocrx_word' id='word_1_283' title='bbox 2032 1872 2220 1918; x_wconf 84' lang='lat' dir='ltr'><strong>naturae,</strong></span> <span class='ocrx_word' id='word_1_284' title='bbox 2256 1863 2304 1910; x_wconf 75' lang='grc' dir='ltr'><strong>δε</strong></span> <span class='ocrx_word' id='word_1_285' title='bbox 2325 1862 2457 1909; x_wconf 80' lang='lat' dir='ltr'><strong>sicin</strong></span> 
     </span>
     <span class='ocr_line' id='line_1_29' title="bbox 458 1925 2458 1995; baseline -0.002 -17"><span class='ocrx_word' id='word_1_286' title='bbox 458 1930 637 1995; x_wconf 80' lang='lat' dir='ltr'><strong>prolem</strong></span> <span class='ocrx_word' id='word_1_287' title='bbox 679 1929 804 1977; x_wconf 89' lang='lat' dir='ltr'><strong>suam</strong></span> <span class='ocrx_word' id='word_1_288' title='bbox 843 1943 924 1991; x_wconf 86' lang='lat' dir='ltr'><strong>per</strong></span> <span class='ocrx_word' id='word_1_289' title='bbox 960 1927 1298 1990; x_wconf 72' lang='lat' dir='ltr'><strong>haereditarium</strong></span> <span class='ocrx_word' id='word_1_290' title='bbox 1335 1925 1666 1986; x_wconf 77' lang='lat' dir='ltr'><strong>transcribunt3</strong></span> <span class='ocrx_word' id='word_1_291' title='bbox 1704 1942 1811 1974; x_wconf 89' lang='lat' dir='ltr'><strong>nam</strong></span> <span class='ocrx_word' id='word_1_292' title='bbox 1841 1927 1969 1991; x_wconf 89' lang='lat' dir='ltr'><strong>quod</strong></span> <span class='ocrx_word' id='word_1_293' title='bbox 1990 1940 2191 1992; x_wconf 89' lang='lat' dir='ltr'><strong>parentes</strong></span> <span class='ocrx_word' id='word_1_294' title='bbox 2222 1945 2279 1976; x_wconf 88' lang='lat' dir='ltr'><strong>ex</strong></span> <span class='ocrx_word' id='word_1_295' title='bbox 2297 1928 2458 1976; x_wconf 67' lang='lat' dir='ltr'><strong>actuali</strong></span> 
     </span>
     <span class='ocr_line' id='line_1_30' title="bbox 458 1992 2458 2061; baseline -0.002 -17"><span class='ocrx_word' id='word_1_296' title='bbox 458 1999 554 2045; x_wconf 86' lang='lat' dir='ltr'><strong>vita</strong></span> <span class='ocrx_word' id='word_1_297' title='bbox 577 2013 656 2061; x_wconf 86' lang='lat' dir='ltr'><strong>per</strong></span> <span class='ocrx_word' id='word_1_298' title='bbox 678 1994 962 2059; x_wconf 88' lang='lat' dir='ltr'><strong>frequentem</strong></span> <span class='ocrx_word' id='word_1_299' title='bbox 990 1993 1121 2042; x_wconf 90' lang='lat' dir='ltr'><strong>usum</strong></span> <span class='ocrx_word' id='word_1_300' title='bbox 1161 1992 1394 2051; x_wconf 88' lang='lat' dir='ltr'><strong>imbuunt,</strong></span> <span class='ocrx_word' id='word_1_301' title='bbox 1429 1993 1516 2041; x_wconf 90' lang='lat' dir='ltr'><strong>hoc</strong></span> <span class='ocrx_word' id='word_1_302' title='bbox 1546 1993 1809 2041; x_wconf 88' lang='lat' dir='ltr'><strong>irradicatur</strong></span> <span class='ocrx_word' id='word_1_303' title='bbox 1836 2009 1995 2041; x_wconf 88' lang='lat' dir='ltr'><strong>eorum</strong></span> <span class='ocrx_word' id='word_1_304' title='bbox 2022 2006 2211 2051; x_wconf 84' lang='lat' dir='ltr'><strong>naturae,</strong></span> <span class='ocrx_word' id='word_1_305' title='bbox 2248 1997 2297 2042; x_wconf 75' lang='grc' dir='ltr'><strong>ὅτ,</strong></span> <span class='ocrx_word' id='word_1_306' title='bbox 2322 1993 2458 2043; x_wconf 92' lang='lat' dir='ltr'><strong>trans-</strong></span> 
     </span>
     <span class='ocr_line' id='line_1_31' title="bbox 458 2057 2458 2124; baseline -0.001 -14"><span class='ocrx_word' id='word_1_307' title='bbox 458 2061 600 2123; x_wconf 80' lang='lat' dir='ltr'><strong>fertur</strong></span> <span class='ocrx_word' id='word_1_308' title='bbox 621 2062 905 2110; x_wconf 85' lang='lat' dir='ltr'><strong>haereditario</strong></span> <span class='ocrx_word' id='word_1_309' title='bbox 938 2062 985 2108; x_wconf 89' lang='lat' dir='ltr'><strong>in</strong></span> <span class='ocrx_word' id='word_1_310' title='bbox 1009 2060 1332 2124; x_wconf 88' lang='lat' dir='ltr'><strong>posteritatem,</strong></span> <span class='ocrx_word' id='word_1_311' title='bbox 1367 2076 1474 2124; x_wconf 86' lang='lat' dir='ltr'><strong>quae</strong></span> <span class='ocrx_word' id='word_1_312' title='bbox 1499 2060 1579 2108; x_wconf 79' lang='lat' dir='ltr'><strong>nisi</strong></span> <span class='ocrx_word' id='word_1_313' title='bbox 1609 2057 1878 2108; x_wconf 88' lang='lat' dir='ltr'><strong>reformatur</strong></span> <span class='ocrx_word' id='word_1_314' title='bbox 1908 2059 1981 2107; x_wconf 88' lang='lat' dir='ltr'><strong>seu</strong></span> <span class='ocrx_word' id='word_1_315' title='bbox 2015 2074 2315 2124; x_wconf 88' lang='lat' dir='ltr'><strong>regeneratur,</strong></span> <span class='ocrx_word' id='word_1_316' title='bbox 2350 2078 2458 2110; x_wconf 86' lang='lat' dir='ltr'><strong>con—</strong></span> 
     </span>
     <span class='ocr_line' id='line_1_32' title="bbox 460 2125 2460 2193; baseline -0.002 -14"><span class='ocrx_word' id='word_1_317' title='bbox 460 2131 663 2179; x_wconf 88' lang='lat' dir='ltr'><strong>tinuatur</strong></span> <span class='ocrx_word' id='word_1_318' title='bbox 699 2128 813 2177; x_wconf 91' lang='lat' dir='ltr'><strong>illud</strong></span> <span class='ocrx_word' id='word_1_319' title='bbox 850 2128 896 2174; x_wconf 91' lang='lat' dir='ltr'><strong>in</strong></span> <span class='ocrx_word' id='word_1_320' title='bbox 950 2127 1259 2184; x_wconf 71' lang='lat' dir='ltr'><strong>&#39;enerationes‚</strong></span> <span class='ocrx_word' id='word_1_321' title='bbox 1294 2127 1344 2174; x_wconf 89' lang='lat'>&amp;</span> <span class='ocrx_word' id='word_1_322' title='bbox 1366 2139 1478 2174; x_wconf 92' lang='lat' dir='ltr'><strong>tunc</strong></span> <span class='ocrx_word' id='word_1_323' title='bbox 1510 2126 1685 2191; x_wconf 88' lang='lat' dir='ltr'><strong>semper</strong></span> <span class='ocrx_word' id='word_1_324' title='bbox 1717 2125 1959 2183; x_wconf 78' lang='lat' dir='ltr'><strong>accrescit3</strong></span> <span class='ocrx_word' id='word_1_325' title='bbox 1996 2128 2101 2175; x_wconf 88' lang='lat' dir='ltr'><strong>inde</strong></span> <span class='ocrx_word' id='word_1_326' title='bbox 2124 2128 2334 2176; x_wconf 90' lang='lat' dir='ltr'><strong>voluntas</strong></span> <span class='ocrx_word' id='word_1_327' title='bbox 2355 2144 2460 2193; x_wconf 89' lang='lat' dir='ltr'><strong>pro-</strong></span> 
     </span>
     <span class='ocr_line' id='line_1_33' title="bbox 462 2192 2461 2257; baseline -0.002 -11"><span class='ocrx_word' id='word_1_328' title='bbox 462 2198 624 2246; x_wconf 87' lang='lat' dir='ltr'><strong>clivior</strong></span> <span class='ocrx_word' id='word_1_329' title='bbox 645 2195 700 2244; x_wconf 88' lang='lat' dir='ltr'><strong>ad</strong></span> <span class='ocrx_word' id='word_1_330' title='bbox 723 2195 841 2243; x_wconf 89' lang='lat' dir='ltr'><strong>mala</strong></span> <span class='ocrx_word' id='word_1_331' title='bbox 862 2194 912 2242; x_wconf 88' lang='lat'>&amp;</span> <span class='ocrx_word' id='word_1_332' title='bbox 950 2193 1048 2241; x_wconf 87' lang='lat' dir='ltr'><strong>alsa.</strong></span> <span class='ocrx_word' id='word_1_333' title='bbox 1118 2193 1209 2241; x_wconf 89' lang='lat' dir='ltr'><strong>Sed</strong></span> <span class='ocrx_word' id='word_1_334' title='bbox 1246 2209 1356 2240; x_wconf 90' lang='lat' dir='ltr'><strong>cum</strong></span> <span class='ocrx_word' id='word_1_335' title='bbox 1389 2193 1587 2241; x_wconf 74' lang='lat' dir='ltr'><strong>Ecclesia</strong></span> <span class='ocrx_word' id='word_1_336' title='bbox 1621 2192 1966 2241; x_wconf 90' lang='lat' dir='ltr'><strong>consummatur</strong></span> <span class='ocrx_word' id='word_1_337' title='bbox 1987 2194 2037 2242; x_wconf 75' lang='grc' dir='ltr'><strong>δε</strong></span> <span class='ocrx_word' id='word_1_338' title='bbox 2058 2195 2192 2257; x_wconf 91' lang='lat' dir='ltr'><strong>perit,</strong></span> <span class='ocrx_word' id='word_1_339' title='bbox 2229 2208 2337 2243; x_wconf 91' lang='lat' dir='ltr'><strong>tunc</strong></span> <span class='ocrx_word' id='word_1_340' title='bbox 2361 2197 2461 2242; x_wconf 94' lang='lat' dir='ltr'><strong>Do-</strong></span> 
     </span>
     <span class='ocr_line' id='line_1_34' title="bbox 464 2258 2460 2326; baseline -0.002 -15"><span class='ocrx_word' id='word_1_341' title='bbox 464 2264 615 2311; x_wconf 88' lang='lat' dir='ltr'><strong>minus</strong></span> <span class='ocrx_word' id='word_1_342' title='bbox 638 2262 813 2326; x_wconf 88' lang='lat' dir='ltr'><strong>semper</strong></span> <span class='ocrx_word' id='word_1_343' title='bbox 833 2277 1002 2308; x_wconf 90' lang='lat' dir='ltr'><strong>novam</strong></span> <span class='ocrx_word' id='word_1_344' title='bbox 1023 2259 1188 2308; x_wconf 87' lang='lat' dir='ltr'><strong>alicubi</strong></span> <span class='ocrx_word' id='word_1_345' title='bbox 1208 2258 1457 2317; x_wconf 87' lang='lat' dir='ltr'><strong>exsuscitat,</strong></span> <span class='ocrx_word' id='word_1_346' title='bbox 1494 2259 1569 2308; x_wconf 89' lang='lat' dir='ltr'><strong>sed</strong></span> <span class='ocrx_word' id='word_1_347' title='bbox 1593 2275 1709 2316; x_wconf 90' lang='lat' dir='ltr'><strong>raro,</strong></span> <span class='ocrx_word' id='word_1_348' title='bbox 1739 2260 1772 2306; x_wconf 86' lang='lat' dir='ltr'><strong>fi</strong></span> <span class='ocrx_word' id='word_1_349' title='bbox 1795 2276 2014 2324; x_wconf 87' lang='lat' dir='ltr'><strong>unquam,</strong></span> <span class='ocrx_word' id='word_1_350' title='bbox 2050 2276 2106 2306; x_wconf 87' lang='lat' dir='ltr'><strong>ex</strong></span> <span class='ocrx_word' id='word_1_351' title='bbox 2130 2260 2315 2309; x_wconf 90' lang='lat' dir='ltr'><strong>homine</strong></span> <span class='ocrx_word' id='word_1_352' title='bbox 2340 2265 2460 2324; x_wconf 90' lang='lat' dir='ltr'><strong>prio-</strong></span> 
     </span>
     <span class='ocr_line' id='line_1_35' title="bbox 465 2325 2461 2394; baseline 0 -20"><span class='ocrx_word' id='word_1_353' title='bbox 465 2331 525 2375; x_wconf 93' lang='lat' dir='ltr'><strong>ris</strong></span> <span class='ocrx_word' id='word_1_354' title='bbox 541 2329 773 2384; x_wconf 77' lang='lat' dir='ltr'><strong>Ecclesi&#39;ae,</strong></span> <span class='ocrx_word' id='word_1_355' title='bbox 808 2343 970 2375; x_wconf 88' lang='lat' dir='ltr'><strong>verum</strong></span> <span class='ocrx_word' id='word_1_356' title='bbox 994 2343 1019 2374; x_wconf 87' lang='lat' dir='ltr'><strong>a</strong></span> <span class='ocrx_word' id='word_1_357' title='bbox 1041 2325 1270 2390; x_wconf 85' lang='lat' dir='ltr'><strong>gentibus,</strong></span> <span class='ocrx_word' id='word_1_358' title='bbox 1305 2341 1412 2390; x_wconf 87' lang='lat' dir='ltr'><strong>quae</strong></span> <span class='ocrx_word' id='word_1_359' title='bbox 1437 2328 1483 2378; x_wconf 88' lang='lat' dir='ltr'><strong>in</strong></span> <span class='ocrx_word' id='word_1_360' title='bbox 1506 2328 1759 2390; x_wconf 87' lang='lat' dir='ltr'><strong>ignorantia</strong></span> <span class='ocrx_word' id='word_1_361' title='bbox 1782 2325 1964 2375; x_wconf 89' lang='lat' dir='ltr'><strong>fuerunt</strong></span> <span class='ocrx_word' id='word_1_362' title='bbox 1984 2349 1999 2382; x_wconf 81' lang='lat'><em>3</em></span> <span class='ocrx_word' id='word_1_363' title='bbox 2034 2326 2091 2372; x_wconf 89' lang='lat' dir='ltr'><strong>de</strong></span> <span class='ocrx_word' id='word_1_364' title='bbox 2114 2326 2183 2373; x_wconf 89' lang='lat' dir='ltr'><strong>his</strong></span> <span class='ocrx_word' id='word_1_365' title='bbox 2206 2328 2253 2374; x_wconf 88' lang='lat' dir='ltr'><strong>in</strong></span> <span class='ocrx_word' id='word_1_366' title='bbox 2276 2328 2461 2394; x_wconf 85' lang='lat' dir='ltr'><strong>sequen-</strong></span> 
     </span>
     <span class='ocr_line' id='line_1_36' title="bbox 468 2393 924 2455; baseline -0.009 -13"><span class='ocrx_word' id='word_1_367' title='bbox 468 2393 592 2442; x_wconf 84' lang='lat' dir='ltr'><strong>tibus</strong></span> <span class='ocrx_word' id='word_1_368' title='bbox 615 2408 738 2439; x_wconf 87' lang='lat' dir='ltr'><strong>nunc</strong></span> <span class='ocrx_word' id='word_1_369' title='bbox 761 2394 924 2455; x_wconf 89' lang='lat' dir='ltr'><strong>agitur.</strong></span> 
     </span>
    </p>
   </div>
   <div class='ocr_carea' id='block_1_9' title="bbox 467 2456 2488 3326">
    <p class='ocr_par' dir='ltr' id='par_1_9' title="bbox 467 2456 2464 2720">
     <span class='ocr_line' id='line_1_37' title="bbox 538 2456 2463 2523; baseline -0.002 -15"><span class='ocrx_word' id='word_1_370' title='bbox 538 2476 680 2523; x_wconf 85' lang='lat'>2911.</span> <span class='ocrx_word' id='word_1_371' title='bbox 716 2456 838 2504; x_wconf 84' lang='lat' dir='ltr'><strong>Vers</strong></span> <span class='ocrx_word' id='word_1_372' title='bbox 848 2475 858 2503; x_wconf 80' lang='lat'>2</span> <span class='ocrx_word' id='word_1_373' title='bbox 885 2474 928 2520; x_wconf 82' lang='lat'><strong>3.</strong></span> <span class='ocrx_word' id='word_1_374' title='bbox 968 2457 1030 2504; x_wconf 90' lang='lat' dir='ltr'><strong>Et</strong></span> <span class='ocrx_word' id='word_1_375' title='bbox 1048 2457 1244 2519; x_wconf 82' lang='lat' dir='ltr'><strong>surrexit</strong></span> <span class='ocrx_word' id='word_1_376' title='bbox 1259 2457 1482 2508; x_wconf 84' lang='lat' dir='ltr'><strong>Abraham</strong></span> <span class='ocrx_word' id='word_1_377' title='bbox 1508 2457 1679 2519; x_wconf 85' lang='lat' dir='ltr'><strong>desuper</strong></span> <span class='ocrx_word' id='word_1_378' title='bbox 1687 2458 1882 2522; x_wconf 84' lang='lat' dir='ltr'><strong>faciebus</strong></span> <span class='ocrx_word' id='word_1_379' title='bbox 1897 2461 2054 2506; x_wconf 83' lang='lat' dir='ltr'><strong>mortui</strong></span> <span class='ocrx_word' id='word_1_380' title='bbox 2067 2459 2157 2521; x_wconf 75' lang='lat' dir='ltr'><strong>sui,</strong></span> <span class='ocrx_word' id='word_1_381' title='bbox 2189 2458 2247 2507; x_wconf 80' lang='lat'><strong>.&amp;</strong></span> <span class='ocrx_word' id='word_1_382' title='bbox 2271 2458 2463 2522; x_wconf 76' lang='lat' dir='ltr'><strong>loquutus</strong></span> 
     </span>
     <span class='ocr_line' id='line_1_38' title="bbox 467 2521 2464 2586; baseline 0 -14"><span class='ocrx_word' id='word_1_383' title='bbox 467 2526 521 2586; x_wconf 76' lang='grc' dir='ltr'><strong>ςΙί</strong></span> <span class='ocrx_word' id='word_1_384' title='bbox 558 2524 620 2572; x_wconf 86' lang='lat' dir='ltr'><strong>ad</strong></span> <span class='ocrx_word' id='word_1_385' title='bbox 636 2524 755 2584; x_wconf 80' lang='lat' dir='ltr'><strong>filios</strong></span> <span class='ocrx_word' id='word_1_386' title='bbox 787 2523 940 2579; x_wconf 82' lang='lat' dir='ltr'><strong>Cheth,</strong></span> <span class='ocrx_word' id='word_1_387' title='bbox 969 2523 1154 2570; x_wconf 85' lang='lat' dir='ltr'><strong>dicendo.</strong></span> <span class='ocrx_word' id='word_1_388' title='bbox 1227 2523 1429 2570; x_wconf 86' lang='lat' dir='ltr'><strong>Surrexit</strong></span> <span class='ocrx_word' id='word_1_389' title='bbox 1466 2521 1715 2579; x_wconf 86' lang='lat' dir='ltr'><strong>Abraham,</strong></span> <span class='ocrx_word' id='word_1_390' title='bbox 1764 2523 1986 2586; x_wconf 63' lang='lat' dir='ltr'><strong>fignificat</strong></span> <span class='ocrx_word' id='word_1_391' title='bbox 2024 2525 2348 2572; x_wconf 83' lang='lat' dir='ltr'><strong>elevationem:</strong></span> <span class='ocrx_word' id='word_1_392' title='bbox 2384 2525 2464 2572; x_wconf 80' lang='lat' dir='ltr'><strong>de·</strong></span> 
     </span>
     <span class='ocr_line' id='line_1_39' title="bbox 467 2588 2463 2656; baseline -0.001 -16"><span class='ocrx_word' id='word_1_393' title='bbox 467 2592 596 2656; x_wconf 83' lang='lat' dir='ltr'><strong>super</strong></span> <span class='ocrx_word' id='word_1_394' title='bbox 632 2588 828 2637; x_wconf 88' lang='lat' dir='ltr'><strong>faciebus</strong></span> <span class='ocrx_word' id='word_1_395' title='bbox 869 2590 1039 2636; x_wconf 87' lang='lat' dir='ltr'><strong>mortui</strong></span> <span class='ocrx_word' id='word_1_396' title='bbox 1075 2589 1158 2644; x_wconf 83' lang='lat' dir='ltr'><strong>sui,</strong></span> <span class='ocrx_word' id='word_1_397' title='bbox 1194 2588 1414 2650; x_wconf 85' lang='lat' dir='ltr'><strong>fignificat</strong></span> <span class='ocrx_word' id='word_1_398' title='bbox 1453 2589 1500 2635; x_wconf 91' lang='lat' dir='ltr'><strong>in</strong></span> <span class='ocrx_word' id='word_1_399' title='bbox 1538 2589 1670 2636; x_wconf 63' lang='lat' dir='ltr'><strong>noete</strong></span> <span class='ocrx_word' id='word_1_400' title='bbox 1710 2588 1810 2637; x_wconf 80' lang='lat' dir='ltr'><strong>illa:</strong></span> <span class='ocrx_word' id='word_1_401' title='bbox 1849 2589 2138 2654; x_wconf 81' lang='lat' dir='ltr'><strong>&amp;loquutus</strong></span> <span class='ocrx_word' id='word_1_402' title='bbox 2177 2591 2242 2638; x_wconf 89' lang='lat' dir='ltr'><strong>est</strong></span> <span class='ocrx_word' id='word_1_403' title='bbox 2264 2591 2322 2638; x_wconf 90' lang='lat' dir='ltr'><strong>ad</strong></span> <span class='ocrx_word' id='word_1_404' title='bbox 2345 2591 2463 2639; x_wconf 87' lang='lat' dir='ltr'><strong>filios</strong></span> 
     </span>
     <span class='ocr_line' id='line_1_40' title="bbox 467 2654 2197 2720; baseline -0.002 -13"><span class='ocrx_word' id='word_1_405' title='bbox 467 2657 634 2715; x_wconf 90' lang='lat' dir='ltr'><strong>Cheth,</strong></span> <span class='ocrx_word' id='word_1_406' title='bbox 660 2655 874 2712; x_wconf 85' lang='lat' dir='ltr'><strong>dicendo,</strong></span> <span class='ocrx_word' id='word_1_407' title='bbox 900 2654 1128 2718; x_wconf 82' lang='lat' dir='ltr'><strong>fignificat</strong></span> <span class='ocrx_word' id='word_1_408' title='bbox 1150 2654 1268 2711; x_wconf 90' lang='lat' dir='ltr'><strong>illos,</strong></span> <span class='ocrx_word' id='word_1_409' title='bbox 1303 2654 1424 2717; x_wconf 88' lang='lat' dir='ltr'><strong>apud</strong></span> <span class='ocrx_word' id='word_1_410' title='bbox 1449 2669 1565 2717; x_wconf 92' lang='lat' dir='ltr'><strong>quos</strong></span> <span class='ocrx_word' id='word_1_411' title='bbox 1590 2670 1709 2702; x_wconf 90' lang='lat' dir='ltr'><strong>nova</strong></span> <span class='ocrx_word' id='word_1_412' title='bbox 1729 2654 1927 2705; x_wconf 73' lang='lat' dir='ltr'><strong>Ecclesia</strong></span> <span class='ocrx_word' id='word_1_413' title='bbox 1946 2656 2197 2720; x_wconf 83' lang='lat' dir='ltr'><strong>spiritualis.</strong></span> 
     </span>
    </p>

    <p class='ocr_par' dir='ltr' id='par_1_10' title="bbox 467 2719 2488 3053">
     <span class='ocr_line' id='line_1_41' title="bbox 538 2719 2464 2790; baseline -0.001 -16"><span class='ocrx_word' id='word_1_414' title='bbox 538 2741 681 2790; x_wconf 83' lang='lat'><strong>29¹²·</strong></span> <span class='ocrx_word' id='word_1_415' title='bbox 718 2719 922 2781; x_wconf 84' lang='lat' dir='ltr'><strong>Surrexit</strong></span> <span class='ocrx_word' id='word_1_416' title='bbox 944 2719 1194 2777; x_wconf 87' lang='lat' dir='ltr'><strong>Abraham,</strong></span> <span class='ocrx_word' id='word_1_417' title='bbox 1229 2720 1356 2784; x_wconf 90' lang='lat' dir='ltr'><strong>quod</strong></span> <span class='ocrx_word' id='word_1_418' title='bbox 1390 2720 1613 2784; x_wconf 80' lang='lat' dir='ltr'><strong>significet</strong></span> <span class='ocrx_word' id='word_1_419' title='bbox 1649 2721 1965 2779; x_wconf 82' lang='lat' dir='ltr'><strong>elevationem,</strong></span> <span class='ocrx_word' id='word_1_420' title='bbox 2001 2723 2172 2772; x_wconf 91' lang='lat' dir='ltr'><strong>constat</strong></span> <span class='ocrx_word' id='word_1_421' title='bbox 2196 2739 2222 2770; x_wconf 90' lang='lat' dir='ltr'><strong>a</strong></span> <span class='ocrx_word' id='word_1_422' title='bbox 2242 2723 2464 2787; x_wconf 82' lang='lat' dir='ltr'><strong>fignifica-</strong></span> 
     </span>
     <span class='ocr_line' id='line_1_42' title="bbox 470 2786 2464 2855; baseline -0.001 -16"><span class='ocrx_word' id='word_1_423' title='bbox 470 2793 595 2839; x_wconf 87' lang='lat' dir='ltr'><strong>tione</strong></span> <span class='ocrx_word' id='word_1_424' title='bbox 617 2789 811 2852; x_wconf 84' lang='lat' dir='ltr'><strong>surgere,</strong></span> <span class='ocrx_word' id='word_1_425' title='bbox 845 2787 972 2852; x_wconf 89' lang='lat' dir='ltr'><strong>quod</strong></span> <span class='ocrx_word' id='word_1_426' title='bbox 1007 2786 1214 2842; x_wconf 84' lang='lat' dir='ltr'><strong>involvat</strong></span> <span class='ocrx_word' id='word_1_427' title='bbox 1251 2787 1421 2850; x_wconf 91' lang='lat' dir='ltr'><strong>aliquid</strong></span> <span class='ocrx_word' id='word_1_428' title='bbox 1449 2786 1724 2844; x_wconf 87' lang='lat' dir='ltr'><strong>elevationis,</strong></span> <span class='ocrx_word' id='word_1_429' title='bbox 1761 2788 1818 2834; x_wconf 91' lang='lat' dir='ltr'><strong>de</strong></span> <span class='ocrx_word' id='word_1_430' title='bbox 1840 2804 1930 2851; x_wconf 91' lang='lat' dir='ltr'><strong>qua</strong></span> <span class='ocrx_word' id='word_1_431' title='bbox 1954 2805 2012 2837; x_wconf 91' lang='lat' dir='ltr'><strong>n:</strong></span> <span class='ocrx_word' id='word_1_432' title='bbox 2041 2807 2183 2850; x_wconf 82' lang='lat'>2401.</span> <span class='ocrx_word' id='word_1_433' title='bbox 2212 2795 2357 2855; x_wconf 86' lang='lat'><strong>2785,</strong></span> <span class='ocrx_word' id='word_1_434' title='bbox 2393 2790 2464 2837; x_wconf 86' lang='lat' dir='ltr'><strong>hic</strong></span> 
     </span>
     <span class='ocr_line' id='line_1_43' title="bbox 467 2852 2465 2920; baseline -0.002 -15"><span class='ocrx_word' id='word_1_435' title='bbox 467 2858 766 2906; x_wconf 83' lang='lat' dir='ltr'><strong>elevationem</strong></span> <span class='ocrx_word' id='word_1_436' title='bbox 807 2871 832 2902; x_wconf 90' lang='lat' dir='ltr'><strong>a</strong></span> <span class='ocrx_word' id='word_1_437' title='bbox 865 2854 1039 2910; x_wconf 90' lang='lat' dir='ltr'><strong>dolore,</strong></span> <span class='ocrx_word' id='word_1_438' title='bbox 1075 2854 1182 2916; x_wconf 92' lang='lat' dir='ltr'><strong>quia</strong></span> <span class='ocrx_word' id='word_1_439' title='bbox 1218 2868 1337 2900; x_wconf 87' lang='lat' dir='ltr'><strong>nova</strong></span> <span class='ocrx_word' id='word_1_440' title='bbox 1370 2852 1585 2911; x_wconf 74' lang='lat' dir='ltr'><strong>Ecclesia,</strong></span> <span class='ocrx_word' id='word_1_441' title='bbox 1619 2854 1722 2901; x_wconf 90' lang='lat' dir='ltr'><strong>loco</strong></span> <span class='ocrx_word' id='word_1_442' title='bbox 1756 2854 1917 2917; x_wconf 88' lang='lat' dir='ltr'><strong>prioris</strong></span> <span class='ocrx_word' id='word_1_443' title='bbox 1955 2871 2062 2919; x_wconf 87' lang='lat' dir='ltr'><strong>quae</strong></span> <span class='ocrx_word' id='word_1_444' title='bbox 2094 2857 2242 2920; x_wconf 85' lang='lat' dir='ltr'><strong>periit,</strong></span> <span class='ocrx_word' id='word_1_445' title='bbox 2277 2855 2465 2903; x_wconf 87' lang='lat' dir='ltr'><strong>exsusci-</strong></span> 
     </span>
     <span class='ocr_line' id='line_1_44' title="bbox 473 2918 2467 2984; baseline -0.001 -12"><span class='ocrx_word' id='word_1_446' title='bbox 473 2923 623 2974; x_wconf 89' lang='lat' dir='ltr'><strong>tanda.</strong></span> <span class='ocrx_word' id='word_1_447' title='bbox 675 2922 759 2982; x_wconf 38' lang='lat' dir='ltr'><strong>,Et</strong></span> <span class='ocrx_word' id='word_1_448' title='bbox 798 2920 984 2984; x_wconf 85' lang='lat' dir='ltr'><strong>desuper</strong></span> <span class='ocrx_word' id='word_1_449' title='bbox 1022 2918 1217 2967; x_wconf 90' lang='lat' dir='ltr'><strong>faciebus</strong></span> <span class='ocrx_word' id='word_1_450' title='bbox 1257 2920 1444 2976; x_wconf 85' lang='lat' dir='ltr'><strong>mortui,</strong></span> <span class='ocrx_word' id='word_1_451' title='bbox 1478 2920 1607 2983; x_wconf 89' lang='lat' dir='ltr'><strong>quod</strong></span> <span class='ocrx_word' id='word_1_452' title='bbox 1646 2920 1866 2984; x_wconf 85' lang='lat' dir='ltr'><strong>fignificet</strong></span> <span class='ocrx_word' id='word_1_453' title='bbox 1890 2923 1935 2968; x_wconf 91' lang='lat' dir='ltr'><strong>in</strong></span> <span class='ocrx_word' id='word_1_454' title='bbox 1961 2922 2090 2969; x_wconf 68' lang='grc' dir='ltr'>ηοξὶε</span> <span class='ocrx_word' id='word_1_455' title='bbox 2126 2923 2215 2979; x_wconf 89' lang='lat' dir='ltr'><strong>illa,</strong></span> <span class='ocrx_word' id='word_1_456' title='bbox 2251 2922 2419 2970; x_wconf 82' lang='lat' dir='ltr'><strong>constat</strong></span> <span class='ocrx_word' id='word_1_457' title='bbox 2443 2939 2467 2973; x_wconf 85' lang='lat' dir='ltr'><strong>a</strong></span> 
     </span>
     <span class='ocr_line' id='line_1_45' title="bbox 476 2986 2488 3053; baseline 0 -15"><span class='ocrx_word' id='word_1_458' title='bbox 476 2989 799 3053; x_wconf 84' lang='lat' dir='ltr'><strong>fignificatione</strong></span> <span class='ocrx_word' id='word_1_459' title='bbox 822 2988 957 3044; x_wconf 91' lang='lat' dir='ltr'><strong>mori,</strong></span> <span class='ocrx_word' id='word_1_460' title='bbox 996 2987 1154 3034; x_wconf 88' lang='lat' dir='ltr'><strong>mortis</strong></span> <span class='ocrx_word' id='word_1_461' title='bbox 1175 2986 1226 3035; x_wconf 84' lang='lat'>&amp;</span> <span class='ocrx_word' id='word_1_462' title='bbox 1251 2987 1438 3051; x_wconf 81' lang='lat' dir='ltr'><strong>mortui,</strong></span> <span class='ocrx_word' id='word_1_463' title='bbox 1463 2987 1589 3050; x_wconf 87' lang='lat' dir='ltr'><strong>quod</strong></span> <span class='ocrx_word' id='word_1_464' title='bbox 1613 2987 1668 3034; x_wconf 84' lang='lat' dir='ltr'><strong>fit</strong></span> <span class='ocrx_word' id='word_1_465' title='bbox 1691 3002 1776 3034; x_wconf 78' lang='lat' dir='ltr'><strong>nex</strong></span> <span class='ocrx_word' id='word_1_466' title='bbox 1801 2988 1949 3051; x_wconf 79' lang='lat' dir='ltr'><strong>quoad</strong></span> <span class='ocrx_word' id='word_1_467' title='bbox 1975 2988 2139 3039; x_wconf 85' lang='lat' dir='ltr'><strong>statum</strong></span> <span class='ocrx_word' id='word_1_468' title='bbox 2157 2989 2387 3049; x_wconf 85' lang='lat' dir='ltr'><strong>Ecclefiae,</strong></span> <span class='ocrx_word' id='word_1_469' title='bbox 2412 2989 2488 3038; x_wconf 64' lang='lat' dir='ltr'><strong>de&gt;</strong></span> 
     </span>
    </p>

    <p class='ocr_par' dir='ltr' id='par_1_11' title="bbox 470 3054 2473 3326">
     <span class='ocr_line' id='line_1_46' title="bbox 510 3054 1693 3104; baseline -0.004 -1"><span class='ocrx_word' id='word_1_470' title='bbox 510 3054 635 3104; x_wconf 78' lang='lat' dir='ltr'><strong>uasu</strong></span> <span class='ocrx_word' id='word_1_471' title='bbox 672 3069 853 3102; x_wconf 85' lang='lat' dir='ltr'><strong>ran:2</strong></span> <span class='ocrx_word' id='word_1_472' title='bbox 893 3058 972 3103; x_wconf 90' lang='lat'><strong>08.</strong></span> <span class='ocrx_word' id='word_1_473' title='bbox 1689 3082 1693 3086; x_wconf 65' lang='lat'>›</span> 
     </span>
     <span class='ocr_line' id='line_1_47' title="bbox 470 3070 2466 3184; baseline -0.002 -14"><span class='ocrx_word' id='word_1_474' title='bbox 470 3073 508 3120; x_wconf 76' lang='lat' dir='ltr'>q</span> <span class='ocrx_word' id='word_1_475' title='bbox 545 3070 687 3184; x_wconf 61' lang='lat'>2911}-</span> <span class='ocrx_word' id='word_1_476' title='bbox 722 3120 789 3170; x_wconf 88' lang='lat' dir='ltr'><strong>Et</strong></span> <span class='ocrx_word' id='word_1_477' title='bbox 810 3071 1028 3184; x_wconf 61' lang='lat' dir='ltr'><strong>loguutus</strong></span> <span class='ocrx_word' id='word_1_478' title='bbox 1051 3117 1115 3166; x_wconf 86' lang='lat' dir='ltr'><strong>est</strong></span> <span class='ocrx_word' id='word_1_479' title='bbox 1146 3119 1202 3166; x_wconf 90' lang='lat' dir='ltr'><strong>ad</strong></span> <span class='ocrx_word' id='word_1_480' title='bbox 1232 3118 1350 3166; x_wconf 85' lang='lat' dir='ltr'><strong>filios</strong></span> <span class='ocrx_word' id='word_1_481' title='bbox 1372 3118 1521 3175; x_wconf 71' lang='lat' dir='ltr'><strong>Cheth</strong></span> <span class='ocrx_word' id='word_1_482' title='bbox 1544 3119 1756 3177; x_wconf 88' lang='lat' dir='ltr'><strong>dicendo,</strong></span> <span class='ocrx_word' id='word_1_483' title='bbox 1790 3120 1917 3182; x_wconf 86' lang='lat' dir='ltr'><strong>quod</strong></span> <span class='ocrx_word' id='word_1_484' title='bbox 1956 3120 2178 3183; x_wconf 79' lang='lat' dir='ltr'><strong>significet</strong></span> <span class='ocrx_word' id='word_1_485' title='bbox 2210 3121 2309 3168; x_wconf 91' lang='lat' dir='ltr'><strong>illos</strong></span> <span class='ocrx_word' id='word_1_486' title='bbox 2345 3120 2466 3184; x_wconf 85' lang='lat' dir='ltr'><strong>apud</strong></span> 
     </span>
     <span class='ocr_line' id='line_1_48' title="bbox 477 3184 2470 3250; baseline -0.001 -17"><span class='ocrx_word' id='word_1_487' title='bbox 477 3202 594 3250; x_wconf 90' lang='lat' dir='ltr'><strong>quos</strong></span> <span class='ocrx_word' id='word_1_488' title='bbox 628 3202 746 3236; x_wconf 82' lang='lat' dir='ltr'><strong>nova</strong></span> <span class='ocrx_word' id='word_1_489' title='bbox 767 3186 968 3242; x_wconf 78' lang='lat' dir='ltr'><strong>Ecclesia</strong></span> <span class='ocrx_word' id='word_1_490' title='bbox 999 3185 1252 3249; x_wconf 84' lang='lat' dir='ltr'><strong>spiritualis,</strong></span> <span class='ocrx_word' id='word_1_491' title='bbox 1288 3185 1486 3232; x_wconf 89' lang='lat' dir='ltr'><strong>constare</strong></span> <span class='ocrx_word' id='word_1_492' title='bbox 1525 3184 1671 3249; x_wconf 90' lang='lat' dir='ltr'><strong>potest</strong></span> <span class='ocrx_word' id='word_1_493' title='bbox 1703 3202 1729 3233; x_wconf 92' lang='lat' dir='ltr'><strong>a</strong></span> <span class='ocrx_word' id='word_1_494' title='bbox 1753 3185 2074 3249; x_wconf 83' lang='lat' dir='ltr'><strong>significatione</strong></span> <span class='ocrx_word' id='word_1_495' title='bbox 2098 3187 2253 3234; x_wconf 84' lang='lat' dir='ltr'><strong>Cheth</strong></span> <span class='ocrx_word' id='word_1_496' title='bbox 2270 3190 2317 3234; x_wconf 89' lang='lat'>&amp;</span> <span class='ocrx_word' id='word_1_497' title='bbox 2341 3186 2470 3233; x_wconf 88' lang='lat' dir='ltr'><strong>Chit-</strong></span> 
     </span>
     <span class='ocr_line' id='line_1_49' title="bbox 480 3246 2473 3326; baseline -0.003 -22"><span class='ocrx_word' id='word_1_498' title='bbox 480 3246 556 3304; x_wconf 78' lang='lat' dir='ltr'><strong>tae&#39;i</strong></span> <span class='ocrx_word' id='word_1_499' title='bbox 571 3270 587 3303; x_wconf 75' lang='grc' dir='ltr'><strong>,ι</strong></span> <span class='ocrx_word' id='word_1_500' title='bbox 623 3251 773 3316; x_wconf 88' lang='lat' dir='ltr'><strong>plures</strong></span> <span class='ocrx_word' id='word_1_501' title='bbox 794 3250 978 3326; x_wconf 72' lang='lat' dir='ltr'><strong>¹fuerunt</strong></span> <span class='ocrx_word' id='word_1_502' title='bbox 1000 3251 1164 3302; x_wconf 84' lang='lat' dir='ltr'><strong>incolae</strong></span> <span class='ocrx_word' id='word_1_503' title='bbox 1185 3264 1317 3300; x_wconf 70' lang='lat' dir='ltr'><strong>,terrae</strong></span> <span class='ocrx_word' id='word_1_504' title='bbox 1340 3252 1572 3309; x_wconf 79' lang='lat' dir='ltr'><strong>CanaaniS,</strong></span> <span class='ocrx_word' id='word_1_505' title='bbox 1606 3253 1686 3316; x_wconf 89' lang='lat' dir='ltr'><strong>qui</strong></span> <span class='ocrx_word' id='word_1_506' title='bbox 1709 3254 1865 3317; x_wconf 84' lang='lat' dir='ltr'><strong>paffim</strong></span> <span class='ocrx_word' id='word_1_507' title='bbox 1885 3265 2207 3302; x_wconf 85' lang='lat' dir='ltr'><strong>enumerantur</strong></span> <span class='ocrx_word' id='word_1_508' title='bbox 2233 3255 2280 3300; x_wconf 89' lang='lat' dir='ltr'><strong>in</strong></span> <span class='ocrx_word' id='word_1_509' title='bbox 2303 3252 2473 3315; x_wconf 72' lang='lat' dir='ltr'><strong>VerbO,</strong></span> 
     </span>
    </p>
   </div>
   <div class='ocr_carea' id='block_1_10' title="bbox 2424 3321 2476 3371">
    <p class='ocr_par' dir='ltr' id='par_1_12' title="bbox 2424 3321 2476 3371">
     <span class='ocr_line' id='line_1_50' title="bbox 2424 3321 2476 3371; baseline 0 0"><span class='ocrx_word' id='word_1_510' title='bbox 2424 3321 2476 3371; x_wconf 82' lang='lat'>&amp;</span> 
     </span>
    </p>
   </div>
  </div>
 </body>
</html>
