2872 3730
0 3453 7 3478 νη-
0 3202 15 3436 spen-'swe-

626 199 964 284 CAPUT
1011 213 1580 278 VIGESIMUM
1628 213 2124 295 QUINTUM.
2247 227 2373 295 241·

384 364 460 411 cui
490 362 742 411 adhaerebat
772 362 922 424 aliqua
961 358 1189 423 potentia:
1228 358 1278 405 &
1302 358 1492 405 vocabat
1524 371 1692 404 nomen
1715 351 1810 416 ‘ejus
1834 355 1993 416 Jacob,
2030 357 2249 420 fignificat
2272 358 2381 405 doc-

384 433 549 477 trinam
571 432 665 476 veri
688 428 924 479 naturalis:
962 427 1011 472 &
1035 423 1218 484 Jischak
1258 424 1375 470 filius
1414 424 1641 487 sexaginta
1680 437 1904 467 annorum
1946 424 1991 467 in
2026 425 2240 485 pariendo
2264 425 2379 480 illos,

382 496 607 560 fignificat
629 496 788 543 Divini
813 490 1059 539 Rationalis
1086 489 1249 537 statum
1281 503 1403 539 tunc,
1694 526 1696 529 ,

458 566 596 626 3298.
632 559 819 622 Impleti
843 557 942 604 sunt
963 557 1056 603 dies
1077 555 1169 620 ejus
1191 556 1246 602 ad
1270 555 1557 620 pariendum,
1594 554 1721 618 quod
1746 554 1968 617 significet
1990 553 2154 601 statum
2182 558 2383 619 primurn

384 628 588 683 effeetus,
625 624 795 673 constat
833 641 858 671 a
892 623 1220 688 significatione
1257 621 1451 678 dierum,
1502 622 1630 685 quod
1670 622 1755 668 sint
1792 621 1945 677 status,
1990 621 2048 667 de
2087 638 2179 684 qua
2216 639 2275 669 n:
2305 640 2328 670 2
2340 641 2380 685 3.

386 696 636 758 487.-488.
661 708 773 756 493.
803 695 911 755 893.
940 694 1100 754 27883
1137 690 1262 753 quod
1304 690 1368 736 illi
1407 689 1585 752 impleti
1624 687 1710 740 sint
1749 688 1806 734 acl
1843 688 2129 751 pariendum,
2168 688 2386 751 significat

387 760 550 806 statum
588 759 794 821 primum
835 756 1050 803 effeetus:
1088 773 1239 820 parere
1280 757 1402 803 enim
1444 753 1644 802 insensu
1679 754 1894 817 spirituali
1927 754 2092 817 speetat
2124 754 2299 800 bonum
2338 756 2386 801 &

389 840 568 881 verum,
606 825 655 871 &
688 826 734 870 in
766 821 846 870 illo
886 823 1007 869 sensu
1046 823 1109 869 est
1144 822 1348 879 existere,
1383 839 1444 869 n:
1475 823 1616 870 2521.
1639 819 1798 886 2629:
1835 819 1876 867 se
1901 821 2035 868 habet
2059 837 2166 867 cum
2193 821 2314 868 bono
2338 821 2387 867 δε

388 904 515 947 vero,
552 890 665 937 ficut
688 889 729 936 se
754 889 886 937 habet
907 905 1015 950 cum
1038 889 1183 952 prole,
1219 889 1347 952 quod
1387 889 1715 951 concipiantur,
1751 887 1878 950 quod
1902 888 1987 934 sint
2010 888 2056 934 in
2081 900 2225 943 utero,
2261 887 2389 950 quod

389 957 639 1014 nascantur,
690 956 795 1003 dein
835 956 962 1020 quod
1003 956 1284 1011 adolescant3
1339 954 1441 1018 post
1480 955 1826 1017 conceptionem
1868 953 2047 1001 inchoat
2087 955 2282 1001 efficiens
2317 953 2388 1000 seu

388 1035 666 1087 conceptum
704 1023 851 1070 semen
889 1021 1138 1086 producere
1177 1021 1410 1078 effetfwm,
1445 1020 1532 1068 hoc
1574 1021 1626 1067 fit
1659 1021 1706 1067 in
1743 1033 1904 1076 uter03
1942 1020 1988 1067 hi
2011 1020 2147 1067 status
2170 1037 2278 1068 cum
2302 1023 2394 1067 im-

389 1091 499 1154 pleti
520 1089 637 1147 sunt,
676 1091 724 1136 &
749 1105 891 1153 prope
915 1087 979 1136 est
1002 1089 1058 1135 ad
1082 1089 1370 1151 pariendum,
1406 1100 1515 1134 tunc
1553 1087 1733 1134 inchoat
1769 1087 1971 1143 effectuS,
2009 1088 2058 1134 δε
2082 1101 2275 1134 vocatur
2297 1089 2390 1151 pri-

391 1172 524 1203 mum
546 1156 748 1212 effectus,
785 1172 889 1202 nam
914 1168 1024 1202 tunc
1048 1171 1179 1218 agere
1215 1156 1374 1218 incipit
1397 1154 1545 1217 proles
1570 1153 1682 1201 sicut
1705 1170 1729 1201 a
1753 1153 1811 1210 se,
1847 1155 1895 1200 &
1920 1154 2029 1201 eniti
2054 1153 2109 1200 ad
2135 1154 2280 1218 ipsum
2308 1153 2390 1202 sta-

392 1236 511 1279 tum,
547 1223 628 1286 qui
651 1222 786 1268 status
809 1221 994 1268 effeetus
1017 1233 1220 1268 vocatur.

460 1306 607 1353 3299.
644 1289 708 1335 Et
730 1303 832 1334 ecce
857 1288 1029 1350 gemini
1055 1288 1098 1333 in
1120 1299 1249 1334 utero
1272 1285 1385 1351 ejus,
1422 1285 1548 1349 quod
1574 1286 1795 1350 significet
1827 1299 2075 1350 utrumque
2111 1287 2244 1334 simul
2281 1304 2391 1335 con-

394 1367 600 1418 ceptum,
637 1353 806 1401 constat
847 1370 873 1399 a
910 1353 1236 1416 significatione
1276 1354 1586 1416 geminorum,
1622 1353 1750 1416 quod
1790 1352 1876 1399 sint
1917 1366 2182 1417 utrumque,
2228 1371 2394 1418 nempe

318 1459 324 1463 .
393 1422 570 1468 bonum
610 1421 737 1484 quod
776 1419 1116 1484 repraesentatur
1155 1436 1235 1484 per
1258 1419 1458 1467 Esavum
1492 1422 1540 1467 δε
1572 1435 1734 1467 verum
1770 1420 1896 1483 quod
1938 1419 2275 1483 repraesentatur
2315 1437 2395 1485 per

394 1488 655 1549 Jacobum;
709 1489 757 1534 &
793 1503 818 1533 a
858 1487 1180 1549 significatione
1221 1488 1267 1533 in
1307 1499 1455 1542 utere,
1491 1487 1616 1549 quod
1656 1486 1711 1533 fic
1749 1487 2005 1549 conceptio,
2043 1486 2100 1533 de
2139 1504 2227 1550 qua
2264 1487 2395 1551 supra

342 1570 355 1579 ‘
394 1571 451 1602 n:
482 1571 643 1618 3293.-
696 1553 842 1611 Quod
876 1557 1140 1614 utrumque,
1178 1567 1342 1614 nempe
1382 1552 1555 1599 bonum
1582 1554 1629 1600 &
1651 1568 1812 1598 verum
1851 1553 2076 1609 naturaliS,
2114 1553 2246 1601 simul
2285 1570 2396 1601 con-

397 1632 586 1683 ceptum
626 1618 705 1675 fit,
748 1620 812 1664 ita
847 1617 887 1664 se
926 1617 1092 1671 habet;
1137 1617 1359 1680 quicquid
1397 1616 1607 1674 nascitur,
1643 1618 1777 1664 trahit
1813 1616 1944 1664 suum
1982 1619 2064 1665 effe
2104 1636 2129 1666 a
2168 1632 2310 1683 patre,
2346 1622 2397 1668 δε

395 1685 530 1732 suum
552 1683 735 1731 existere
759 1700 784 1730 a
806 1695 964 1740 matre,
1001 1695 1249 1746 utrumque
1279 1684 1363 1729 erit
1388 1695 1443 1730 ut
1473 1683 1551 1731 fiat
1584 1683 1756 1746 aliquid
1772 1705 1790 1739 3
1825 1683 2020 1731 naturale
2044 1686 2196 1748 quoad
2221 1686 2396 1734 bonum

397 1752 656 1815 concipitur
677 1767 702 1797 a
725 1749 976 1798 Rationalis
1008 1750 1133 1798 bono
1174 1763 1224 1797 ut
1256 1767 1287 1797 ·a
1325 1763 1470 1814 patre,
1507 1751 1555 1797 δε
1580 1750 1733 1813 quoad
1765 1767 1946 1808 verum,
1983 1753 2238 1816 concipitur
2259 1769 2283 1800 a
2302 1756 2403 1802 Ra-

398 1818 576 1866 tionalis
601 1834 709 1865 vero
732 1830 784 1865 ut
807 1834 832 1864 a
856 1829 1012 1874 matre,
1049 1834 1077 1864 n
1099 1836 1109 1864 :
1141 1817 1280 1880 3286.
1308 1821 1432 1880 3288
1454 1839 1467 1873 ;
1505 1816 1681 1864 bonum
1710 1816 1773 1864 est
1805 1817 1933 1881 quod
1955 1817 2032 1865 dat
2056 1821 2198 1867 vitam
2224 1819 2297 1867 sed
2320 1837 2400 1884 per

399 1900 580 1940 verum,
616 1896 864 1946 utrumque
910 1884 996 1931 hoc
1034 1896 1223 1930 vocatur
1261 1886 1425 1942 anima,
1478 1883 1552 1931 sed
1587 1883 1726 1947 usque
1770 1884 1945 1932 bonum
1990 1887 2294 1950 principaliter
2337 1887 2401 1934 cst

401 1952 567 2004 anima,
604 1966 770 1997 verum
801 1962 952 1997 autern
986 1949 1134 1997 induit
1157 1950 1271 1997 illud
1294 1950 1407 1998 ficut
1427 1949 1568 2014 specie
1592 1951 1743 1998 tenelli
1767 1952 1878 1998 vasis
1910 1951 1981 1998 seu
2012 1955 2230 2016 corporis,
2267 1954 2325 2002 fic
2350 1966 2402 2001 ut

402 2015 579 2089 bonurn
604 2016 657 2063 fit
679 2017 726 2062 in
751 2029 890 2063 vero:
923 2015 1022 2062 haec
1063 2015 1164 2064 sunt
1201 2032 1307 2080 quae
1347 2017 1654 2080 significantur
1690 2034 1771 2083 per
1807 2018 1935 2083 quod
1976 2022 2150 2083 gemini
2185 2022 2231 2068 in
2271 2034 2402 2069 utero

401 2099 425 2129 e
444 2098 511 2129 us.

419 2099 443 2210 J*
472 2166 617 2213 3300.
654 2148 719 2196 Et
757 2149 899 2196 exivit
937 2148 1113 2212 primus
1154 2146 1281 2196 rufus
1314 2160 1439 2197 totus
1472 2149 1507 2196 is
1530 2150 1642 2198 ficut
1665 2153 1818 2199 tunica
1839 2152 1996 2215 pilosa,
2032 2153 2158 2216 quod
2182 2155 2404 2218 figniflcet

402 2215 581 2263 bonurn
606 2216 717 2263 vitae
739 2217 833 2262 veri
857 2215 1070 2271 naturale,
1107 2216 1277 2264 constat
1315 2233 1372 2263 ex
1406 2215 1729 2278 significatione
1767 2219 1903 2274 exire,
1936 2220 2063 2281 quod
2086 2220 2139 2267 fit
2162 2222 2312 2277 nasci3
2348 2238 2404 2268 ex

407 2282 732 2343 significatione
753 2282 858 2338 rufi,
895 2283 1021 2346 quod
1061 2281 1116 2329 fit
1151 2282 1327 2330 bonum
1366 2283 1493 2339 vitae,
1528 2282 1584 2329 de
1607 2299 1697 2346 qua
1720 2282 1947 2347 sequitur·‚
1998 2286 2044 2331 &
2086 2303 2142 2332 ex
2182 2287 2403 2349 significa-

404 2349 529 2394 tione
553 2349 719 2394 tunicae
742 2347 913 2411 pilosae,
949 2349 1078 2410 quod
1112 2349 1165 2396 fit
1187 2365 1348 2396 verum
1373 2348 1598 2405 naturaliS‚
1635 2349 1692 2396 de
1724 2366 1816 2412 qua
1839 2351 1973 2397 etiam
2008 2349 2239 2413 sequitur,
2276 2354 2404 2417 quod

406 2414 444 2460 is
468 2414 643 2477 primus
666 2411 818 2471 fuerit,
854 2414 1075 2477 fignificat
1114 2415 1241 2478 quod
1277 2415 1455 2462 bonum
1494 2415 1648 2478 quoad
1681 2416 1908 2463 essentiam
1945 2416 1998 2464 fit
2022 2419 2164 2479 priUS,
2200 2431 2251 2465 ut
2275 2419 2406 2483 supra

407 2496 470 2528 n:
499 2498 645 2545 3299,
681 2480 892 2536 dictum3
929 2481 1096 2528 dicitur
1133 2483 1266 2535 etiarn
1305 2483 1459 2529 tunica
1490 2480 1646 2545 pilosa,
1683 2495 1735 2529 ut
1760 2482 2037 2545 significetur
2067 2485 2195 2547 quod
2230 2485 2404 2533 bonum

408 2546 623 2593 indutum
647 2545 700 2592 fit
722 2562 848 2602 vero,
884 2546 998 2593 sicut
1038 2548 1202 2605 tenello
1240 2548 1340 2595 vase
1378 2561 1456 2594 aut
1495 2551 1700 2610 corpore,
1735 2562 1788 2596 ut
1821 2566 2006 2613 quoque
2035 2549 2248 2614 supran:
2278 2570 2404 2618 3299

409 2612 604 2668 dictum,
641 2613 793 2659 tunica
816 2613 863 2659 in
884 2613 1040 2675 Verbo
1063 2629 1144 2660 nec
1169 2614 1289 2661 aliud
1315 2615 1362 2660 in
1387 2613 1508 2660 sensu
1534 2615 1711 2660 interno
1736 2615 1957 2678 significat
1987 2631 2125 2679 quam
2161 2618 2247 2664 tale
2279 2620 2407 2682 quod

407 2678 531 2742 aliud
553 2678 751 2735 investit,
787 2694 925 2743 quare
948 2680 1083 2726 etiam
1107 2695 1213 2726 vera
1236 2692 1557 2744 comparantur
1579 2679 1778 2728 vestibus
1802 2698 1856 2729 n:
1890 2698 2028 2746 1073.
2059 2686 2200 2748 2576.
2261 2686 2408 2750 Qod

410 2742 566 2791 rufum
607 2743 680 2790 seu
704 2743 903 2806 ¹rubrum
945 2745 1167 2809 significet
1205 2745 1378 2792 bonum
1404 2748 1530 2803 vitae,
1567 2747 1670 2793 inde
1695 2747 1775 2804 est,
1811 2751 1919 2811 quia
1956 2765 2094 2796 omne
2134 2751 2307 2798 bonum
2348 2752 2410 2799 est

410 2811 594 2868 amoris,
631 2826 682 2857 ac
705 2810 796 2875 ipse
829 2827 959 2858 amor
998 2812 1061 2859 est
1099 2813 1216 2876 ignis
1250 2812 1442 2860 coelestis
1466 2815 1515 2860 ὅτ
1540 2811 1792 2876 spiritualis,
1827 2817 1962 2862 etiam
1986 2832 2272 2880 comparatur
2295 2821 2409 2882 igni,

413 2877 463 2923 &
485 2893 668 2940 quoque
691 2890 879 2925 vocatur
911 2879 1046 2942 ignis,
1082 2879 1288 2926 videatur
1309 2896 1366 2927 n:
1396 2897 1504 2944 933.
1559 2898 1634 2943 34.
1654 2898 1763 2945 935.
1787 2882 1881 2946 936
1902 2904 1915 2936 ·‚
1951 2895 2053 2930 tum
2076 2900 2260 2947 quoque
2284 2901 2413 2932 amor

414 2956 701 3006 comparatur
723 2943 942 3007 sanguini,
978 2946 1028 2992 δε
1061 2962 1245 3009 quoque
1286 2959 1476 2992 vocatur
1511 2899 1704 3009 &nguiffi
1741 2965 1801 2994 n:
1835 2966 1990 3002 10013
2026 2952 2133 3012 quia
2167 2954 2411 3014 utrumque

413 3006 562 3065 rubet,
598 3006 701 3056 ideo
724 3010 917 3067 bonurn,
952 3012 1078 3074 quod
1103 3011 1167 3059 est
1190 3013 1371 3067 amoris,
1408 3012 1684 3075 significatur
1724 3030 1804 3076 per
1827 3014 1981 3061 rufum
2003 3013 2074 3062 seu
2101 3016 2287 3064 rubrum
2310 3040 2323 3072 3
2361 3029 2411 3064 ut

415 3087 600 3135 quoque
638 3074 834 3123 constare
876 3077 1022 3140 potest
1058 3077 1114 3124 ab
1149 3078 1216 3124 his
1254 3079 1302 3124 in
1322 3079 1479 3125 Verbo
1520 3079 1667 3134 locis;
1717 3082 1762 3126 in
1802 3081 2040 3144 prophetia
2073 3083 2249 3143 Jacobi‚
2303 3096 2411 3144 tunc

417 3134 599 3193 Israelis,
634 3143 670 3186 ‘.‘
691 3140 888 3198 Lavabit
910 3144 956 3189 in
979 3145 1089 3190 vino
1124 3144 1448 3191 indumentum
1486 3147 1635 3201 suum,
1671 3147 1791 3193 &in
1830 3146 2040 3210 sanguine
2073 3164 2265 3194 uvarum
2293 3149 2412 3197 vela-

375 3262 378 3264 ,
421 3217 526 3252 men
551 3201 699 3261 suurn,
734 3207 882 3256 Ruber
904 3210 1032 3266 oculis
1045 3222 1143 3272 prae
1163 3213 1264 3258 vino
1289 3212 1336 3259 ὅτ
1364 3211 1490 3258 albus
1513 3211 1666 3258 dentes
1690 3228 1786 3276 prae
1809 3213 1971 3271 laete?
2004 3214 2106 3260 Gen
2127 3233 2136 3261 :
2164 3229 2280 3260 xmx
2303 3234 2312 3261 :
2342 3233 2356 3261 1
2374 3233 2412 3262 1.

1484 3278 1539 3324 H
1576 3277 1605 3324 h
2342 3299 2413 3339 12,
