2904 3750
489 217 619 287 500
1000 190 2010 285 GENESIS„

456 366 459 369 .
484 327 633 393 pastor
651 326 699 374 ὅτ
727 321 906 388 pascens
928 321 975 370 in
995 321 1152 371 Verbo
1176 320 1397 383 fignificet
1416 318 1523 368 illos
1544 318 1626 385 qui
1647 318 1825 369 ducunt
1848 321 1897 370 &
1916 321 2099 381 docent,
2136 322 2201 372 est
2223 323 2330 389 quia
2349 339 2466 390 grex

484 393 706 457 fignificat
722 390 820 437 illos
843 388 923 451 qui
939 388 1171 436 ducuntur
1187 387 1236 434 &
1255 387 1496 443 docentur,
1533 386 1727 452 proinde
1751 387 1975 436 Ecclefias
2012 389 2064 437 δε
2089 399 2274 455 quoque
2297 392 2467 441 doetri-

467 473 692 522 nasquae
733 454 836 502 sunt
856 453 1089 510 Ecclefiae,
1123 469 1185 501 n:
1212 453 1355 517 3767.
1383 452 1526 517 3768.
1556 456 1678 517 3783
1702 472 1713 501 :
1750 455 1877 517 quod
1901 453 2051 519 pastor
2074 456 2126 504 ὅτ
2143 471 2256 520 grex
2279 457 2355 506 illa
2377 458 2469 523 fig-

486 525 684 580 nificent,
721 523 765 569 in
789 518 1041 567 Christiano
1063 519 1173 566 orbe
1193 520 1474 581 notiffimum
1501 517 1581 575 est,
1616 519 1680 567 ita
1699 520 1821 567 enim
1861 522 2171 570 vocanturilli
2194 523 2277 587 qui
2300 523 2468 574 docent

486 593 536 639 ὅτ
560 589 749 644 discunt,
785 598 1064 650 quapropter
1085 584 1161 633 illa
1182 601 1238 633 ex
1259 584 1403 632 verbo
1428 585 1696 633 confirmare
1717 584 2038 650 supersedetur.

556 656 699 722 3796.
733 654 797 701 Et
814 651 917 708 fuit,
951 663 1003 698 ut
1020 651 1138 698 vidit
1159 650 1305 712 Jacob
1327 650 1576 698 Rachelem
1601 650 1743 700 filiam
1766 652 1964 701 Labanis
1986 652 2134 702 fratris
2166 655 2324 704 matris
2355 656 2466 715 suae,

486 724 612 787 quod
632 720 849 784 significet
867 718 1142 781 agnitionem
1165 715 1413 764 affeetionis
1435 716 1551 764 illius
1572 718 1668 764 veri
1690 732 1747 765 ex
1769 733 1860 782 qua
1881 719 2073 783 origine,
2098 720 2269 770 constat
2296 738 2352 770 ex
2373 723 2465 787 fig-

486 789 740 838 nificatione
761 785 931 839 videre,
967 783 1093 846 quod
1117 782 1191 830 hic
1215 782 1270 830 fit
1291 780 1520 846 agnoscre,
1556 792 1609 830 ut
1645 794 1770 847 patet
1800 800 1827 831 a
1850 782 1962 846 serie
1975 806 1991 841 ς
2027 786 2078 834 δι·
2101 802 2158 834 ex
2173 788 2464 853 repraesenta·

487 857 610 903 tione
627 851 850 907 Rachelis,
886 850 1013 914 quod
1040 848 1095 897 fit
1123 847 1307 897 affeffio
1335 849 1432 895 veri
1467 849 1706 906 interioris,
1743 849 1801 897 de
1821 865 1913 915 qua
1933 849 2065 916 supra
2086 867 2146 900 n:
2173 868 2267 918 379
2276 870 2335 917 3³
2371 854 2465 903 filia

489 921 686 969 Labanis
712 917 854 964 fratris
879 916 1035 963 matris
1058 913 1149 962 suae
1174 914 1372 963 involvit
1386 915 1628 979 originem,
1646 916 1774 979 quod
1791 932 1960 980 nempe
1975 932 2033 964 ex
2057 917 2178 966 bono
2195 919 2460 978 collaterali,

486 986 612 1050 quod
638 984 906 1031 fraternitate
929 979 1228 1045 conjunetum
1259 981 1364 1028 effet
1395 996 1506 1028 vero
1533 981 1736 1028 rationali
1771 998 1854 1046 per
1875 982 2134 1032 Rebeccam
2159 996 2351 1034 matrem
2380 987 2460 1047 Ja-

485 1052 589 1101 cobi
611 1049 940 1114 repraesentato.
1007 1048 1132 1095 Cum
1159 1045 1469 1095 affeffionibus
1508 1047 1603 1094 veri
1627 1047 1678 1095 &
1724 1047 1832 1097 boni
1862 1049 1925 1096 ita
1969 1048 2012 1096 se
2050 1049 2212 1105 habet;
2251 1053 2462 1115 genuinae

485 1119 739 1166 affectiones
763 1116 858 1162 veri
879 1115 929 1162 &
958 1113 1081 1169 boni,
1116 1127 1223 1177 quae
1246 1113 1558 1178 percipiuntur
1580 1112 1636 1160 ab
1659 1113 1863 1172 homine,
1899 1113 2000 1161 sunt
2019 1131 2180 1163 omnes
2204 1131 2261 1163 ex
2283 1118 2460 1180 origine

486 1186 674 1240 Divina,
710 1182 816 1246 quia
832 1197 857 1228 a
878 1181 1103 1237 Domino,
1138 1179 1212 1226 sed
1237 1181 1281 1226 in
1303 1179 1378 1226 via
1400 1194 1508 1227 cum
1539 1176 1828 1237 descendunt,
1863 1179 1909 1226 in
1926 1180 2074 1227 varios
2099 1181 2149 1229 ὅτ
2173 1180 2372 1231 diversos
2397 1183 2458 1231 ri-

487 1268 571 1300 vos
593 1250 771 1304 abeunt,
807 1248 856 1295 &
896 1246 958 1293 ibi
989 1261 1126 1294 novas
1149 1244 1230 1293 fibi
1251 1246 1447 1309 origines
1469 1243 1686 1302 formant,
1719 1245 1834 1293 ficut
1871 1247 1992 1293 enim
2026 1247 2224 1295 influunt
2246 1248 2292 1295 in
2322 1247 2460 1297 affec-

485 1319 626 1366 tiones
651 1330 741 1362 non
764 1313 975 1376 genuinas
998 1313 1048 1360 δε
1074 1310 1256 1376 spurias,
1291 1311 1341 1359 &
1367 1313 1413 1358 in
1437 1310 1693 1360 affectiones
1717 1311 1825 1359 mali
1858 1312 1908 1359 ὅτ
1932 1310 2030 1360 falfi
2053 1314 2177 1378 apud
2201 1313 2458 1376 hominem,

486 1386 547 1432 ita
568 1382 825 1434 variantur,
859 1378 1011 1425 sistunt
1033 1377 1075 1425 se
1106 1379 1150 1425 in
1173 1389 1355 1425 externa
1385 1375 1534 1425 forma
1556 1376 1675 1442 saepe
1697 1377 1864 1426 fimiles
1886 1379 2113 1441 genuinis,
2149 1378 2223 1427 sed
2249 1379 2386 1445 usque
2408 1384 2456 1431 in

484 1449 634 1497 forma
656 1448 827 1494 interna
848 1443 954 1493 tales
978 1443 1110 1499 sunt,
1147 1444 1331 1491 unicum
1348 1443 1583 1500 indicium,
1624 1459 1679 1490 ex
1701 1459 1795 1508 quo
1812 1443 2162 1507 cognoscuntur,
2195 1445 2259 1493 est
2274 1463 2331 1495 ex
2348 1447 2456 1508 fine,

486 1515 519 1564 fi
541 1531 596 1562 ex
631 1513 719 1560 fine
740 1510 855 1567 sunt,
892 1521 1081 1574 propter
1105 1509 1146 1556 se
1168 1522 1246 1557 aut
1280 1510 1528 1566 mundum,
1565 1521 1673 1557 tunc
1695 1509 1949 1558 affee'tiones
1974 1510 2066 1558 illae
2087 1528 2191 1562 ,non
2225 1515 2455 1575 genuinae,

485 1580 619 1634 sunt·,
654 1579 686 1626 fi
710 1589 860 1625 autem
885 1592 942 1623 ex
968 1576 1057 1624 fine
1080 1574 1183 1622 sunt
1206 1587 1393 1639 propter
1415 1575 1588 1622 bonum
1614 1577 1829 1639 proximi,
1867 1576 2038 1624 bonum
2063 1576 2344 1636 societatum,
2367 1580 2454 1628 ‘bo-

484 1662 598 1694 num
622 1644 795 1707 patriae,
831 1642 881 1689 δε
905 1642 1048 1703 magis
1072 1640 1104 1687 fi
1127 1653 1314 1703 propter
1337 1640 1510 1687 bonurn
1535 1640 1766 1697 Ecclefiae,
1804 1643 1853 1687 &
1872 1641 2043 1688 bonurn
2061 1643 2215 1705 Regni
2237 1645 2448 1702 Domini,

486 1709 835 1772 suntgenuinae,
872 1722 974 1752 nam
1002 1718 1111 1752 tunc
1135 1705 1233 1752 sunt
1248 1716 1435 1769 propter
1456 1705 1732 1762 Dominum,
1765 1705 1992 1752 Dominus
2012 1708 2131 1753 enim
2149 1711 2195 1754 in
2216 1708 2300 1756 illis
2325 1709 2454 1758 bonis

484 1777 548 1824 est
569 1797 583 1831 3
616 1787 660 1822 at
682 1772 818 1836 usque
846 1769 1051 1835 sapientis
1066 1769 1144 1827 est,
1181 1769 1287 1818 scire
1310 1770 1420 1817 fines
1447 1771 1568 1834 apud
1596 1771 1651 1835 se,
1685 1771 1960 1834 quandoque
1983 1784 2170 1835 apparet
2192 1774 2317 1837 quafi
2335 1769 2447 1823 fines

483 1842 570 1890 fint
593 1853 777 1904 propter
798 1836 855 1892 se,
890 1852 997 1883 cum
1015 1848 1166 1883 tamen
1183 1851 1273 1882 non
1292 1835 1408 1891 sunt,
1444 1851 1547 1882 nam
1573 1836 1717 1883 homo
1740 1836 1843 1896 talis¹
1858 1836 1939 1892 est,
1963 1839 2073 1883 utin
2091 1837 2272 1901 singulis
2296 1841 2450 1888 reflec-

483 1919 549 1955 tat
571 1907 701 1970 super
718 1903 776 1960 se,
814 1904 863 1950 &
889 1902 976 1950 hoc
991 1918 1048 1949 ex
1071 1917 1196 1949 more
1214 1900 1264 1947 &
1286 1902 1467 1956 habim,
1501 1914 1547 1948 at
1571 1901 1603 1948 fi
1619 1903 1720 1964 quis
1737 1900 1843 1948 scire
1860 1901 1969 1948 velit
1989 1902 2099 1949 fines
2121 1904 2243 1967 apud
2258 1903 2317 1962 se,
2344 1921 2449 1955 mo-

484 1974 546 2021 do
569 1971 766 2019 attendat
782 1969 837 2016 ad
854 1967 1112 2031 jucundum
1130 1967 1256 2031 quod
1279 1968 1470 2031 percipit
1496 1967 1541 2014 in
1565 1965 1608 2014 se
1630 1983 1686 2014 ex
1709 1966 1842 2014 laude
1861 1967 1911 2013 &
1928 1966 2074 2030 gloria
2106 1968 2187 2026 sui,
2224 1971 2274 2018 &
2299 1970 2354 2018 ad
2371 1970 2449 2035 ju-

483 2040 683 2086 cundum
708 2034 835 2099 quod
858 2034 1049 2099 percipit
1071 2050 1127 2081 ex
1150 2031 1230 2080 usu
1254 2032 1454 2097 separato
1482 2048 1507 2079 a
1541 2032 1599 2088 se,
1633 2032 1667 2079 fi
1691 2032 1777 2080 hoc
1808 2030 2069 2096 jucundum
2094 2037 2306 2100 percipit,
2342 2048 2450 2087 tunc

480 2105 603 2152 estin
621 2103 852 2151 affectione
874 2100 1065 2162 genuina
1085 2120 1099 2153 ;
1133 2098 1359 2146 attendere
1375 2100 1509 2145 etiam
1529 2098 1663 2145 debet
1685 2099 1740 2146 ad
1764 2099 1914 2146 varios
1935 2098 2087 2156 status,
2117 2102 2162 2148 in
2180 2102 2345 2165 quibus
2368 2105 2450 2163 est,

479 2186 587 2218 nam
606 2168 687 2233 ipfi
701 2168 837 2215 status
853 2165 1107 2230 plurimum
1130 2165 1301 2212 variant
1324 2165 1661 2228 perceptionem
1680 2186 1694 2221 ;
1720 2165 1817 2212 haec
1839 2165 1986 2228 potest
2008 2166 2152 2214 homo
2169 2169 2291 2230 apud
2310 2168 2353 2215 se
2370 2186 2448 2217 ex-

477 2236 671 2299 plorare,
707 2232 779 2280 sed
807 2231 928 2296 apud
952 2230 1062 2278 alios
1085 2246 1176 2278 non
1199 2229 1361 2294 potest,
1396 2246 1502 2278 nam
1528 2229 1636 2278 fines
1659 2229 1903 2278 affeffionis
1926 2229 2119 2293 cujusvis
2141 2231 2219 2280 soli
2242 2234 2449 2284 Domino

414 2311 419 2314 ’
476 2301 573 2349 noti
606 2299 736 2354 sunt,
773 2295 967 2352 indeest,
1003 2296 1129 2359 quod
1145 2296 1375 2343 Dominus
1397 2295 1513 2344 dixit
1536 2302 1570 2325 “
1594 2312 1686 2344 non
1701 2294 1918 2360 judicate,
1953 2313 2009 2344 ne
2030 2295 2316 2361 judicemini,
2350 2317 2444 2349 non

475 2366 787 2420 condemnate,
804 2379 858 2411 ne
879 2361 1278 2409 condemnemini''
1304 2362 1434 2409 Luc:
1457 2378 1514 2410 vl
1534 2380 1546 2409 ε
1566 2363 1855 2426 37·,“ροΗ“υηῖ
1878 2364 1996 2410 enim
2014 2363 2138 2411 mille
2162 2380 2376 2430 apparere
2398 2369 2446 2415 in

476 2432 619 2480 fimile
636 2430 869 2478 affee‘tione
889 2429 1041 2494 quoad
1066 2444 1228 2475 verum
1248 2428 1298 2475 ὅτ
1324 2429 1513 2485 bonum,
1538 2428 1588 2475 δε
1606 2441 1756 2476 tamen
1772 2427 2072 2493 unusquisque
2093 2430 2156 2478 est
2177 2432 2223 2478 in
2246 2432 2447 2482 diffimili

476 2497 628 2561 quoad
651 2497 890 2559 originem,
926 2494 1013 2541 hoc
1034 2493 1113 2548 est,
1149 2495 1289 2541 finem
1309 2512 1320 2541 :
1355 2494 1484 2557 quod
1508 2494 1609 2541 finis
1626 2493 1778 2551 faciat,
1814 2507 1866 2542 ut
1889 2494 2067 2543 affectio
2091 2496 2145 2544 fit
2167 2497 2280 2554 talis,
2316 2499 2444 2562 quod

474 2579 639 2625 nempe
663 2563 715 2608 fit
740 2562 945 2624 genuina,
981 2560 1052 2606 vel
1076 2559 1237 2621 spuria,
1274 2559 1346 2606 vel
1378 2559 1499 2618 falsa,
1534 2561 1636 2607 inde
1659 2560 1736 2615 est,
1774 2561 1881 2623 quia
1907 2561 2010 2608 finis
2040 2561 2104 2608 est
2129 2562 2222 2625 ipsa
2243 2565 2336 2610 vita
2359 2565 2441 2611 ho-

474 2629 624 2683 miniS‚
660 2642 745 2689 pro
769 2627 856 2672 fine
883 2626 1004 2672 enim
1029 2625 1215 2672 habetur
1237 2624 1293 2671 ab
1311 2625 1494 2672 homine
1517 2625 1643 2687 quod
1666 2625 1728 2671 est
1746 2627 1855 2672 vitae
1887 2623 1998 2687 ejuS,
2033 2625 2106 2673 seu
2130 2629 2258 2690 quod
2294 2629 2443 2686 idem;

472 2693 601 2756 quod
623 2692 686 2738 est
709 2692 871 2739 amoris
910 2688 1039 2752 ejus;
1075 2705 1181 2736 cum
1204 2690 1376 2737 bonum
1400 2691 1619 2753 proximi,
1654 2690 1824 2737 bonum
1861 2705 2124 2747 commune,
2152 2693 2322 2742 bonum
2349 2693 2441 2740 Ec-

471 2758 615 2806 clefiae
637 2757 686 2803 &
709 2757 859 2818 Regni
879 2755 1085 2809 Domini,
1103 2754 1166 2800 est
1185 2755 1301 2810 finis,
1336 2766 1442 2802 tunc
1464 2754 1527 2801 est
1549 2755 1692 2803 homo
1714 2755 1865 2818 quoad
1890 2758 2087 2802 animam
2106 2755 2228 2802 suam
2247 2758 2292 2803 in
2310 2756 2439 2821 Reg-

472 2840 534 2871 no
555 2822 763 2875 Domini,
801 2823 861 2867 ita
899 2819 1022 2885 apud
1046 2820 1323 2874 Dominum,
1358 2821 1571 2882 Regnum
1597 2821 1718 2866 enim
1735 2820 1926 2866 Domini
1950 2835 2038 2865 non
2074 2820 2136 2866 est
2177 2820 2257 2867 nifi
2295 2838 2437 2886 quam

470 2890 690 2952 Regnum
735 2887 896 2932 finium
935 2898 986 2930 ac
1023 2882 1188 2930 usuum
1227 2894 1412 2947 propter
1435 2886 1609 2931 bonum
1633 2886 1807 2946 generis
1831 2884 2032 2940 humani,
2074 2901 2126 2932 n:
2154 2886 2314 2949 36453
2349 2890 2434 2953 ips-i

469 2952 655 3016 Angeli,
691 2953 771 3015 qui
804 2950 924 3013 apud
949 2948 1198 3004 hominem,
1235 2964 1324 2995 non
1355 2947 1454 2995 sunt
1490 2949 1570 2994 nifi
1593 2964 1733 3011 quam
1760 2949 1807 2995 in<
1844 2948 2008 2996 finibus
2047 2947 2175 3012 ejus;
2208 2947 2434 3013 quantum

470 3021 612 3068 homo
635 3015 698 3064 est
730 3019 776 3064 in
801 3016 879 3063 tali
912 3015 1016 3070 fine,
1051 3013 1096 3059 in
1113 3012 1237 3076 quali
1252 3013 1315 3060 est
1347 3028 1539 3074 regnum
1561 3013 1771 3069 Domini,
1808 3025 1986 3060 tantum
2015 3016 2183 3078 Angeli
2211 3019 2435 3067 delestan·
2498 3035 2502 3041 ’

467 3099 541 3133 tur
564 3083 659 3139 illo,
681 3083 730 3130 &
756 3080 1038 3144 conjungunt
1061 3077 1103 3125 se
1122 3079 1186 3126 illi
1207 3088 1259 3125 ut
1278 3077 1433 3133 fratri,
1468 3091 1694 3142 quantum
1726 3090 1876 3134 autem
1902 3079 2050 3127 homo
2080 3082 2143 3129 est
2170 3083 2215 3131 in
2239 3084 2330 3132 fine
2348 3085 2430 3143 sui,

466 3164 643 3198 tantum
660 3148 804 3210 angeli
823 3147 1056 3201 recedunt,
1092 3145 1142 3192 &
1158 3155 1335 3192 tantum
1360 3144 1575 3192 accedunt
1608 3144 1787 3208 fpiritus
1810 3144 1916 3192 mali
1940 3147 1995 3192 ab
2019 3145 2210 3205 inferno,
2248 3167 2351 3198 nam
2374 3154 2430 3199 'in

464 3216 638 3266 inferno
660 3230 752 3263 non
767 3213 875 3263 alius
900 3211 1001 3261 finis
1021 3222 1212 3275 regnat:
1244 3226 1300 3261 ex
1323 3210 1391 3259 his
1412 3209 1609 3260 constare
1622 3210 1798 3279 potest,
1832 3223 2056 3276 quantum
2080 3214 2255 3265 interest
2269 3216 2431 3281 explo-

2337 3297 2434 3331 rare
