2904 3750
565 211 695 276 392
1071 160 2061 256 GEN'ESJS.

556 317 737 368 steriore
773 330 1064 386 apparenter:
1105 319 1233 385 quod
1257 319 1431 367 bonum
1464 328 1730 382 apparenter
1761 317 1994 383 posteriori
2026 319 2131 368 loco
2154 317 2308 381 fuerit,
2345 322 2408 373 est
2433 324 2557 385 inde,

557 388 664 449 quia
704 388 1028 444 latuitintime
1067 387 1280 434 inomni
1311 383 1408 448 ejus
1445 384 1817 443 affestione,'nec
1856 386 1899 434 se
1934 385 2211 435 manifestare
2246 392 2415 452 potuit,
2449 394 2559 456 quia

557 465 680 500 extra
703 453 815 500 illud
839 454 941 501 talia
978 451 1161 500 fuerunt
1198 467 1305 498 cum
1330 450 1497 515 quibus
1522 466 1614 499 non
1637 452 1910 500 concordare
1949 454 2120 518 potuit,
2155 470 2322 520 nempe
2359 472 2474 506 vana
2503 459 2557 508 ὅτ

558 519 720 576 inania,
755 520 868 567 ficut
891 519 991 567 sunt
1020 519 1094 566 illa
1124 534 1230 581 quae
1264 516 1367 564 sunt
1389 516 1551 581 gloriae
1573 517 1737 565 mundi
1765 518 1816 567 δε
1840 516 1941 576 sui;
1981 532 2027 567 at
2059 518 2301 585 postquam
2324 538 2557 586 regenera-

559 599 632 642 tus
655 585 737 643 est,
771 598 880 634 tunc
914 586 1012 633 haec
1046 585 1279 640 recedunt,
1314 583 1364 631 &
1388 583 1582 641 bonum,
1617 585 1746 647 quod
1779 585 1938 636 intime
1971 585 2117 644 latuit,
2156 587 2281 652 quafi
2312 604 2338 636 e
2366 589 2561 639 claustro

559 652 734 716 prodit,
770 654 818 700 δι
843 653 992 700 influit
1014 653 1060 698 in
1084 651 1158 697 illa
1188 665 1294 713 quae
1327 661 1452 698 extra
1474 649 1592 707 sunt,
1625 652 1677 699 δε
1698 666 1803 698 vera
1837 651 1920 709 sui,
1955 651 2028 700 seu
2053 653 2161 701 boni
2183 652 2305 712 facit,
2342 655 2393 703 ὅτ
2423 657 2484 704 fic
2514 655 2558 704 se

561 717 823 767 manifestat.
909 719 1091 766 Bonum
1124 716 1246 780 apud
1285 715 1522 781 hominem
1560 717 1725 764 interea
1760 716 1841 775 est,
1889 718 2011 782 quasi
2048 719 2406 769 involuntarium
2442 722 2559 771 illud

559 785 684 847 quod
724 785 834 832 inest
865 783 958 848 ejus
983 782 1256 839 voluntario,
1292 784 1339 830 in
1378 781 1567 846 singulis
1602 780 1698 845 ejus
1721 799 1827 848 quae
1850 785 2039 848 cogitat,
2075 786 2254 834 &inde
2287 787 2335 835 in
2366 788 2560 852 fingulis

561 866 667 914 quae
691 849 829 907 facit;
863 851 950 898 hoc
984 849 1338 897 involuntarium
1378 848 1515 897 nescit
1546 848 1690 898 homo
1719 850 1848 914 quod
1885 850 2061 909 habeat,
2094 852 2200 915 quia
2234 869 2326 901 non
2359 856 2554 919 percipit

534 917 684 964 ‘aliud
721 916 840 980 apud
865 916 906 963 se
927 930 1066 980 quam
1100 915 1229 980 quod
1252 914 1384 963 suum
1407 914 1487 972 est,
1523 914 1612 964 hoc
1632 915 1714 974 est,
1747 915 2072 975 voluntarium,
2109 919 2466 969 involuntarium
2500 921 2556 968 il·
2598 978 2600 980 v

563 982 643 1029 lud
667 982 728 1030 est
751 982 944 1045 duplex,
973 997 1119 1030 unum
1151 981 1216 1029 est
1247 981 1583 1029 haereditarium
1613 979 1709 1045 ejus
1740 983 1868 1046 quod
1899 984 1939 1031 ei
1972 999 1998 1031 a
2019 996 2144 1047 patre
2175 986 2226 1033 &
2250 998 2407 1044 matre,
2448 987 2557 1035 alte-

564 1051 667 1095 rum
702 1065 781 1112 per
805 1049 996 1097 Coelum
1035 1063 1061 1096 a
1092 1048 1301 1096 Domino
1340 1049 1523 1104 influit;
1576 1064 1686 1096 cum
1719 1048 1932 1097 adolescit
1966 1049 2126 1108 horno,
2165 1063 2275 1100 tunc
2309 1052 2558 1102 manifestat
2602 1069 2607 1072 ·

564 1113 608 1160 se
632 1116 774 1178 magis
798 1116 847 1164 ὅτ
873 1116 1017 1178 magis
1052 1114 1167 1161 illud
1201 1114 1328 1178 quod
1366 1114 1651 1162 haereditario
1685 1131 1710 1162 a
1740 1115 2000 1179 parentibus
2033 1116 2184 1175 habet,
2219 1117 2253 1165 s1
2282 1119 2380 1166 talis
2413 1119 2468 1167 fit
2503 1132 2557 1167 ut

565 1197 655 1228 non
678 1184 924 1244 regenerari
947 1182 990 1229 se
1016 1182 1199 1244 patitur,
1236 1180 1342 1228 inde
1363 1181 1488 1227 enim
1523 1180 1719 1228 desumit
1742 1181 1874 1237 mala,
1910 1182 1960 1228 &
1991 1179 2097 1229 facit
2131 1182 2206 1230 illa
2237 1183 2313 1230 sua
2344 1183 2417 1231 seu
2447 1201 2555 1249 pro-

565 1249 695 1309 pria·‚
749 1261 791 1295 at
830 1247 1188 1295 involuntarium
1226 1246 1353 1310 quod
1386 1262 1468 1309 per
1499 1247 1674 1293 coelum
1710 1245 1774 1293 est
1808 1263 1834 1294 a
1864 1246 2091 1304 Domino,
2140 1246 2184 1296 se
2222 1247 2471 1298 manifestat
2506 1244 2558 1299 in

558 1309 717 1361 'adulta
755 1325 886 1361 aetate
917 1313 1039 1377 apud
1072 1312 1173 1360 illos
1206 1314 1287 1376 qui
1322 1325 1671 1376 regenerantur;
1713 1312 1836 1375 apud
1859 1311 1942 1360 hos
1971 1312 2016 1359 id
2052 1315 2221 1362 interea
2252 1313 2470 1379 disposuit
2503 1318 2555 1365 &

564 1380 681 1427 rexit
714 1382 867 1428 omnia
900 1381 948 1428 ὅτ
980 1379 1156 1442 singula
1191 1379 1478 1443 cogitationis
1514 1379 1563 1427 ὅτ.
1601 1393 1788 1444 quoque
1820 1378 2083 1437 voluntatis,
2131 1379 2307 1429 tametsi
2344 1397 2438 1431 non
2476 1399 2559 1448 ap-

565 1460 781 1509 paruerat.

634 1514 776 1577 3604.
813 1511 949 1560 Vers:
976 1530 1054 1573 41.
1074 1529 1154 1573 4-2.
1172 1530 1251 1577 43.
1271 1530 1351 1574 44.
1370 1529 1449 1576 45.
1503 1514 1569 1560 Et
1599 1512 1688 1561 odit
1709 1512 1829 1577 Esau
1852 1513 2060 1574 Jacobum
2091 1523 2271 1578 propter
2308 1514 2555 1564 benedictio-

563 1595 670 1637 nem,
706 1596 788 1644 qua
811 1579 1019 1628 benedixit
1040 1579 1105 1626 illi
1119 1590 1251 1640 pater
1272 1579 1420 1635 illius,
1456 1578 1512 1628 &³
1550 1579 1661 1627 dixit
1683 1581 1802 1642 Esau
1825 1581 1873 1627 in
1893 1579 2012 1628 corde
2023 1580 2120 1642 suo,
2156 1582 2556 1647 appropinquabunt

564 1645 649 1692 dies
681 1646 815 1694 lubius
837 1647 986 1708 patris
1016 1647 1110 1700 mei,
1147 1647 1204 1695 ἔθ’
1229 1645 1410 1692 occidam
1431 1645 1642 1708 Jacobum
1668 1645 1861 1707 fratrem
1894 1662 2040 1693 mcum.
2109 1648 2174 1693 Et
2209 1647 2442 1696 indicatum
2463 1649 2559 1696 Rc»-

565 1712 694 1758 beccae
715 1712 847 1759 verba
864 1712 1005 1774 Esavi
1014 1710 1106 1770 filii
1116 1710 1191 1772 sui
1212 1712 1402 1773 majoris,
1439 1711 1495 1760 ἑά
1520 1710 1646 1768 mifit,
1681 1709 1737 1759 δέ
1760 1713 1940 1758 vocavit
1967 1710 2028 1758 ad
2043 1712 2252 1774 Jacobum
2267 1712 2413 1771 filium
2425 1716 2561 1775 suunt

565 1779 777 1834 minorem,
813 1777 867 1826 &
887 1777 998 1824 dixit
1021 1776 1083 1823 ad
1099 1774 1234 1832 illum,
1269 1792 1356 1824 ecce
1377 1776 1497 1838 Esau
1506 1776 1660 1838 frater
1681 1785 1781 1822 tuus
1802 1776 2013 1839 consolans
2029 1778 2080 1839 fir
2100 1777 2184 1825 tibi
2213 1778 2273 1824 ad
2298 1778 2556 1827 occidendum

565 1853 622 1890 te.
691 1845 754 1892 Et
793 1859 900 1890 nunc
922 1841 996 1902 fili
1027 1843 1102 1898 mi,
1137 1842 1328 1904 ausculta
1363 1844 1461 1889 voci
1496 1857 1610 1898 meae,
1645 1841 1702 1891 &²
1718 1843 1862 1906 surge,
1883 1841 1995 1904 fuge
2013 1843 2095 1890 tibi
2117 1842 2178 1890 ad
2195 1843 2356 1890 Laban
2361 1844 2556 1905 fratrem

563 1924 695 1958 meum
719 1910 968 1957 Charanem.
1039 1910 1105 1955 Et
1127 1910 1385 1956 commoreris
1406 1924 1498 1955 cum
1520 1924 1565 1955 eo
1585 1908 1729 1955 diebus
1756 1907 1980 1970 aliquibus,
2015 1907 2141 1955 donee
2170 1908 2326 1955 recedit
2356 1910 2555 1957 excande³

551 1978 720 2040 scentia
731 1975 898 2036 fratris
926 1977 1006 2023 tui.
1076 1975 1214 2037 Usque
1248 1975 1413 2023 recedat
1445 1977 1515 2021 ira
1535 1973 1702 2034 fratris
1724 1974 1791 2020 tui
1813 1990 1842 2019 a
1865 1982 1923 2029 te,
1959 1973 2015 2021 ὅθ
2039 1973 2317 2037 obliviscatur
2339 1975 2426 2038 ejus
2448 1975 2565 2039 quod

550 2042 693 2106 fecisti
713 2042 794 2099 illi,
829 2043 884 2090 ἐρ’
906 2043 1073 2088 mittam
1097 2041 1151 2089 &
1173 2043 1378 2102 accipiam
1400 2050 1442 2087 te
1460 2039 1605 2086 exinde
1624 2060 1638 2094 ;
1672 2054 1802 2103 quare
1823 2038 2002 2086 orbabor
2037 2041 2170 2087 etiam
2205 2041 2400 2088 ambobus
2431 2042 2554 2089 vobi&

561 2109 628 2156 die
650 2124 743 2156 uno.
814 2107 931 2155 Odit
953 2106 1068 2154 Esau
1090 2106 1313 2166 Jacobum
1338 2118 1523 2169 propter
1545 2104 1902 2152 benedictionem
1933 2120 2024 2168 qua
2058 2104 2287 2154 benedixit
2325 2106 2390 2153 illi
2426 2119 2559 2170 pater·

563 2174 698 2232 illius,
732 2173 951 2237 fignificat
990 2172 1112 2234 quod
1146 2172 1318 2218 bonum
1358 2171 1558 2219 naturale
1592 2170 1861 2218 aversaretur
1892 2168 2258 2234 conjunctionem
2281 2173 2376 2219 veri
2399 2175 2577 2220 iuver-s

562 2239 683 2289 sam:
719 2240 768 2286 δε
801 2240 917 2286 dixit
945 2238 1062 2285 Esau
1098 2238 1146 2285 in
1183 2237 1318 2284 corde
1354 2236 1451 2294 suo,
1487 2237 1708 2300 fignificat
1731 2237 2088 2299 cogitationem:
2123 2237 2557 2301 appropinquabunt*

563 2308 656 2353 dies
679 2306 842 2362 Iustus,
878 2306 1013 2368 patris
1037 2306 1143 2360 mei,
1182 2305 1227 2351 &
1253 2304 1460 2352 occidam
1484 2303 1708 2365 Jacobum
1735 2302 1919 2351 fratrem
1942 2318 2116 2360 meum,
2157 2304 2380 2368 fignificat
2401 2305 2551 2352 iuver·-

563 2373 734 2420 fionem
758 2373 808 2419 &
827 2372 1126 2435 privationem
1151 2371 1260 2417 vitae
1285 2371 1377 2418 veri
1402 2386 1429 2416 a
1449 2369 1518 2418 se:
1561 2371 1610 2417 δε
1635 2369 1884 2417 indicatum
1907 2368 2131 2417 Rebeccae
2154 2369 2286 2418 verba
2310 2369 2552 2425 Esavzfilii

563 2438 627 2486 sui
662 2436 857 2501 majoris,
892 2437 1112 2500 fignificat
1150 2437 1486 2501 perceptionem
1517 2437 1712 2485 Domini
1748 2451 1804 2483 ex
1836 2435 2010 2484 Divino
2030 2436 2161 2483 Vero
2179 2436 2235 2484 de
2258 2437 2551 2484 animoBoni

563 2504 775 2553 naturalis
807 2516 942 2551 tunc:
988 2504 1038 2550 &
1077 2503 1200 2549 misit
1228 2504 1278 2549 δε
1310 2503 1494 2550 vocavit
1527 2503 1585 2551 ad
1607 2501 1833 2564 Jacobum
1873 2502 2021 2549 filium
2058 2501 2188 2549 suum
2224 2503 2466 2559 minorem,
2500 2503 2552 2550 ὅτ

563 2571 680 2617 dixit
702 2570 758 2617 ad
780 2569 930 2625 illum,
964 2568 1187 2631 fignificat
1223 2569 1389 2616 statum
1421 2569 1778 2633 apperceptionis
1811 2567 2056 2615 affectionis
2078 2569 2169 2615 veri
2195 2584 2251 2615 ex
2271 2558 2449 2614 i'nfluxu
2471 2582 2559 2630 per

563 2637 740 2682 Verum
765 2636 989 2682 Divinum
1006 2652 1021 2681 ε
1057 2650 1159 2680 ecce
1183 2633 1301 2681 Esau
1335 2632 1468 2681 frater
1503 2646 1626 2690 tuus,
1661 2633 1889 2681 consolans
1913 2632 1953 2680 se
1977 2633 2060 2679 tibi
2082 2634 2140 2680 ad
2162 2633 2463 2680 occidendum
2487 2644 2553 2689 te·²

565 2700 787 2763 fignificat
825 2701 1028 2746 animum
1067 2700 1319 2746 invertendi
1357 2698 1522 2746 statum
1555 2700 1604 2746 δε
1636 2700 1846 2760 privandi
1875 2713 2037 2745 verum
2068 2699 2164 2744 vita
2183 2714 2209 2744 a
2232 2696 2273 2743 se
2291 2716 2309 2744 :-
2339 2698 2403 2744 Et
2426 2712 2547 2744 nunc

567 2766 633 2813 fili
665 2766 750 2822 mi,
783 2763 979 2812 ausculta
1015 2764 1121 2811 voci
1159 2780 1274 2811 meae
1313 2764 1362 2812 &
1402 2763 1548 2828 surge,
1583 2764 1803 2826 fignificat
1835 2779 2007 2810 moram
2045 2762 2218 2810 adhuc:
2253 2760 2362 2824 fuge
2383 2762 2466 2808 tibi
2488 2763 2549 2810 ad

564 2830 723 2879 Laban
747 2830 927 2878 fratrem
966 2845 1119 2876 meum
1144 2829 1413 2886 Charanem,
1448 2829 1669 2892 fignificat
1707 2830 1762 2876 ad
1802 2829 2084 2876 affectionem
2120 2828 2227 2874 boni
2265 2829 2435 2874 externi
2473 2826 2552 2875 seu

568 2898 799 2961 corporei:
837 2898 885 2943 &
909 2896 1201 2942 commoreris
1224 2911 1331 2942 curn
1355 2911 1410 2942 eo
1433 2895 1589 2941 diebus
1611 2894 1849 2957 aliquibus,
1883 2893 2101 2956 fignificat
2140 2891 2431 2940 succeffivum
2464 2893 2549 2941 do·-

567 2979 650 3012 nec
689 2962 855 3011 recedit
891 2959 1248 3008 excandescentia
1284 2958 1429 3007 fratris
1460 2961 1544 3016 tui,
1579 2959 1798 3022 fignificat
1838 2958 1975 3021 usque
2013 2958 2126 3005 dum
2159 2958 2293 3005 status
2323 2958 2553 3007 advertit:

567 3029 706 3092 usque
726 3028 902 3076 recedat·
923 3028 986 3074 ira
1007 3025 1152 3074 fratris
1172 3027 1239 3072 tui
1259 3042 1283 3073 a
1306 3038 1367 3082 te,
1402 3025 1620 3088 fignificat
1644 3024 1932 3072 succeffivum
1957 3023 2091 3070 status
2119 3025 2241 3087 apud
2271 3025 2444 3071 bonum
2469 3041 2547 3071 na-

566 3095 733 3143 turale:
767 3095 816 3145 &
840 3092 1123 3142 obliviscatur
1145 3089 1239 3155 ejus
1261 3091 1387 3156 quod
1418 3090 1562 3139 fecisti
1595 3091 1678 3149 illi,
1711 3090 1934 3155 fignificat
1968 3090 2170 3138 habitum
2210 3107 2266 3139 ex
2304 3106 2456 3138 mora:
2494 3090 2546 3138 &z

1297 3178 1302 3185 “
2210 3166 2213 3170 ’
2360 3167 2548 3204 mittam
