2904 3750
735 190 1080 262 CAPUT
1125 172 2121 257 VIGESIMUM'fNONUM.
2289 143 2421 293 493

428 335 539 373 mm
561 320 828 389 spirituale,
861 322 977 374 ficut
1010 323 1140 390 quod
1164 322 1315 389 ipsum
1355 322 1534 371 bonum
1556 321 1613 371 fit
1657 319 1913 388 proximus,
1948 320 2139 386 proinde
2164 318 2230 369 illi
2248 318 2332 386 qui
2373 318 2423 367 in

426 386 565 439 bono
603 389 719 450 sunt,
754 389 806 439 ὅτ.
833 389 925 440 hoc
958 389 1207 440 secundum
1246 390 1425 437 bonurn
1463 389 1512 437 in
1551 403 1647 452 quo
1680 387 1817 441 sunt;
1868 385 1920 433 δι
1948 387 2078 450 quod
2107 386 2216 434 ideo
2247 387 2423 438 bonum
2470 401 2474 403 ·

419 454 490 504 sit
527 457 766 521 proximus
790 456 903 522 quia
928 456 976 504 in
1002 457 1130 505 bono
1152 454 1219 502 est
1242 455 1496 511 Dominus,
1531 452 1583 501 &
1605 452 1728 519 quod
1754 452 1815 500 fic
1841 451 1893 500 in'
1912 467 2070 499 amore
2104 451 2217 499 boni
2242 466 2424 501 ametur

431 522 691 572 Dominus:
732 523 922 587 pariter,
945 521 1142 586 quinon
1166 521 1368 569 Verbum
1411 520 1582 568 habent
1623 524 1707 567 nec
1743 517 1855 566 scite
1897 518 2096 582 pofl‘unt,
2132 517 2253 581 quod
2280 534 2422 565 omne

431 588 606 647 bonum
634 588 692 636 fit
729 605 756 635 a
774 587 1002 643 Domino,
1039 585 1090 634 &
1113 588 1236 652 quod
1260 586 1308 634 id
1333 586 1495 634 influat
1531 585 1655 649 apud
1683 585 1945 640 hominem,
1983 586 2035 631 &
2059 583 2191 631 faciat
2213 582 2428 641 all-'eelim

425 668 536 700 nem
578 653 707 710 boni,
744 651 796 699 ὅτ
818 652 943 716 quod
966 652 1044 700 illa
1066 652 1252 701 affeffio
1290 665 1480 700 vocetur
1506 652 1734 707 charitas,
1772 651 1853 715 qui
1879 665 1972 697 non
1995 650 2206 696 Verbum
2235 647 2417 705 habent',

396 730 405 735 ·
430 732 515 776 nec
537 716 650 766 scire
675 717 876 784 poffunt,
907 719 1011 831 guis
1049 717 1116 767 est
1141 720 1268 766 Deus
1291 718 1502 777 univerfi,
1535 718 1661 784 quod
1685 718 1738 766 fit
1762 715 1994 765 Dominus
2020 715 2123 762 illos
2154 715 2278 770 latet,
2313 730 2419 760 cum

426 796 581 832 tamen
621 784 840 832 intimum
876 801 903 832 a
942 784 1133 833 emonis
1165 783 1240 834 seu
1280 785 1532 842 charitatis,
1567 784 1765 849 proinde
1804 783 2018 831 intimum
2063 781 2173 829 boni
2200 778 2422 843 speetabit

426 849 601 914 Ipsum,
634 851 741 898 inde
774 862 918 914 patet,
957 851 1070 916 quid
1106 851 1281 900 bonum
1317 851 1555 917 spirituale
1593 850 1719 914 quod
1759 865 1852 897 non
1893 846 2077 895 aliunde
2123 843 2274 911 potest
2316 845 2419 892 sciri

425 931 567 1028 {uam
590 931 648 963 ex
672 916 862 966 Verbo:
898 930 945 965 at
967 916 1120 982 quoad
1153 918 1346 974 Gentes,
1372 916 1591 982 quamdiu
1619 917 1664 963 in
1690 916 1867 964 mundo
1889 914 2006 971 funt,
2036 913 2083 961 id
2108 912 2296 978 quidem
2327 926 2419 958 non

411 1002 414 1003 ⁷
471 981 595 1039 riunt,
610 995 664 1030 ›at
686 982 823 1048 usque
846 999 951 1032 cum
976 983 1072 1031 illae
1096 983 1141 1031 in
1168 995 1323 1032 mutua
1346 983 1568 1031 charitate
1592 981 1711 1030 inter
1732 981 1776 1029 se
1798 981 1978 1037 vivunt,
2015 979 2060 1026 in
2083 978 2295 1026 facultate
2321 977 2419 1025 sunt

425 1047 550 1105 inde,
586 1060 638 1096 ut
665 1048 718 1096 in
742 1050 883 1097 altera
914 1049 1013 1098 vita
1049 1049 1110 1098 de
1145 1050 1309 1099 talibus
1346 1049 1500 1098 instrui
1533 1061 1718 1114 queant,
1756 1047 1808 1096 ὅτ
1830 1046 1955 1113 quod
1985 1044 2125 1094 etiam
2148 1044 2279 1094 facile
2306 1043 2418 1091 reci-

423 1114 573 1179 piant,
609 1115 903 1172 &imbuant‚
940 1115 1150 1164 videatur
1182 1133 1210 1163 n
1230 1133 1241 1163 :
1263 1120 1394 1180 2589
1416 1116 1475 1163 ad
1495 1116 1639 1175 2604.
1773 1152 1781 1158 .

495 1182 643 1244 3769.
679 1181 743 1228 Et
776 1181 893 1244 lapis
918 1197 1112 1245 magnus
1136 1181 1270 1246 super
1304 1197 1385 1238 ore
1424 1180 1570 1246 putei,
1601 1179 1727 1245 quod
1756 1178 1983 1243 fignificet
2020 1176 2147 1243 quod
2185 1175 2414 1224 occlusum

415 1245 552 1303 esset,
587 1262 756 1310 nempe
783 1247 1011 1304 Verbum,
1046 1247 1249 1295 constare
1272 1247 1422 1312 potest
1445 1247 1611 1311 absque
1636 1246 1960 1311 explicatione.
2033 1244 2236 1292 Verbum
2262 1242 2413 1290 occlu-

424 1311 527 1359 sum
552 1310 740 1366 dicitur,
775 1312 888 1361 dum
924 1312 1069 1361 solum
1105 1313 1257 1378 quoad
1303 1313 1477 1361 sensum
1519 1313 1667 1362 literae
1688 1311 1977 1375 intelligitur,
2017 1309 2068 1358 ὅτ
2092 1323 2230 1358 omne
2255 1307 2302 1356 id
2328 1324 2421 1372 pro

421 1377 668 1426 doctrinali
693 1378 929 1427 affumitur
947 1379 1073 1443 quod
1094 1379 1193 1433 ibi3
1230 1379 1281 1426 &
1302 1379 1452 1427 adhuc
1476 1379 1622 1443 magis
1638 1377 1887 1435 occlusum,
1913 1393 2019 1426 curn
2045 1375 2122 1423 illa
2146 1390 2233 1439 pro
2250 1373 2418 1423 doetri-

423 1443 602 1491 nalibus
634 1443 957 1507 agnoscuntur,
990 1462 1100 1510 quae
1135 1445 1290 1494 favent
1327 1444 1657 1509 cupiditatibus
1692 1444 1862 1493 amoris
1895 1442 1957 1491 sui
1996 1442 2049 1489 ὅτ
2084 1440 2268 1497 mundi,
2307 1456 2415 1488 narn

424 1508 528 1556 haec
551 1509 785 1573 imprimis
808 1509 1011 1574 lapidem
1037 1527 1256 1575 magnum
1283 1510 1418 1576 super
1454 1527 1507 1560 os
1542 1511 1668 1577 putei
1704 1510 1974 1567 advolvunt,
2012 1510 2102 1556 hoc
2142 1506 2225 1563 est,
2261 1505 2413 1554 occlu—

423 1574 540 1623 dunt
562 1575 803 1632 Verbum;
838 1576 891 1623 &
914 1588 1020 1626 tunc
1042 1577 1156 1626 ficut
1195 1594 1287 1626 non
1329 1577 1491 1635 sciunt,
1531 1592 1615 1624 nec
1648 1576 1759 1624 scire
1790 1575 1968 1633 volunt,
2003 1574 2132 1640 quod
2165 1571 2312 1620 sensus
2333 1573 2415 1620 ali·

419 1635 525 1704 quis
547 1641 737 1689 interior
760 1642 807 1689 in
832 1641 993 1691 Verbo
1014 1642 1096 1699 fit;
1131 1658 1239 1690 cum
1265 1655 1418 1690 tamen
1460 1642 1619 1690 videre
1662 1642 1753 1689 hoc
1787 1641 1970 1706 poss'unt
2001 1657 2027 1687 a
2048 1638 2254 1705 pluribus
2280 1638 2413 1696 locis,

419 1706 497 1753 ubi
523 1704 672 1754 sensus
694 1706 845 1756 literae
866 1707 1021 1772 quoad
1043 1707 1309 1757 interiorem
1335 1706 1515 1755 sensum
1536 1706 1792 1771 explicatur
1810 1729 1826 1762 ς
1859 1702 1911 1754 ’ὅτ
1933 1721 2114 1771 quoque
2151 1720 2209 1752 ex
2237 1703 2408 1752 doctri-

420 1771 596 1820 nalibus
620 1772 666 1820 in
692 1772 893 1821 Ecclefia
915 1774 1125 1839 receptis,
1147 1773 1205 1822 ad
1224 1789 1332 1839 quae
1363 1789 1554 1823 omnem
1577 1772 1753 1822 sensum
1778 1772 1921 1820 literae
1939 1771 2087 1820 Verbi
2111 1786 2194 1835 per
2216 1769 2414 1834 explica-

421 1839 571 1886 tiones
586 1839 731 1886 varias
751 1838 950 1899 referunt
964 1858 981 1888 ι
1012 1840 1128 1904 quid
1151 1840 1220 1898 fit,
1241 1839 1366 1905 quod
1385 1838 1618 1888 occlusum
1636 1839 1690 1887 fit
1706 1840 1933 1896 Verbum,
1958 1836 2162 1886 constare
2181 1837 2414 1899 imprimis

420 1902 573 1965 potest
595 1918 622 1950 a
641 1904 838 1964 judaeis,
865 1904 952 1968 qui
976 1905 1136 1953 omnia
1154 1905 1210 1952 &
1232 1905 1409 1969 singula
1453 1906 1688 1973 explicant
1719 1904 1962 1954 secundum
1987 1904 2184 1962 literam,
2220 1901 2271 1949 ὅτ
2302 1901 2414 1949 inde

422 1968 617 2016 credunt
634 1970 760 2033 quod
783 1969 861 2017 illa
880 1985 983 2033 prae
1005 1970 1226 2019 omn-ibus
1242 1971 1290 2020 in
1311 1972 1526 2020 universo
1542 1984 1762 2021 terrarum
1783 1971 1899 2019 orbe
1921 1971 2050 2019 elec-ri
2072 1970 2175 2026 sint,
2211 1969 2263 2016 ὅτ
2283 1968 2412 2032 quod

421 2033 607 2082 Meffias
630 2046 846 2083 venturus
865 2035 946 2100 qui
965 2035 1222 2086 introducet
1244 2052 1323 2085 eos
1341 2037 1388 2084 in
1406 2050 1572 2085 terram
1590 2038 1868 2096 Canaanem,
1893 2036 1945 2084 &
1966 2037 2071 2085 illos
2098 2035 2232 2102 supra
2249 2050 2412 2085 omnes

419 2111 580 2162 gentes
598 2103 648 2150 ὅτ
667 2102 861 2165 populos
884 2114 1106 2151 terrarum
1129 2102 1319 2159 evebet3
1348 2101 1449 2150 sunt
1469 2103 1597 2150 enim
1620 2103 1670 2151 in
1695 2103 1976 2151 terrestribus
2009 2102 2246 2168 corporeis
2277 2116 2410 2148 amo-

420 2166 565 2223 ribus,
594 2167 675 2231 qui
691 2167 800 2214 tales
816 2166 915 2215 sunt
932 2179 981 2214 ut
1000 2167 1180 2232 prorsus
1198 2168 1443 2217 occludant
1459 2167 1670 2216 Verbum
1687 2169 1841 2233 quoad
1866 2168 2083 2216 interiora
2099 2191 2114 2224 ς
2149 2167 2255 2215 ideo
2272 2166 2410 2215 etiam

419 2231 629 2280 nondum
653 2232 811 2290 sciunt,
845 2249 902 2280 an
921 2233 1106 2298 aliquod
1127 2250 1323 2299 regnum
1346 2233 1528 2299 coeleste
1547 2234 1619 2292 fit,
1654 2250 1710 2282 an
1735 2233 1899 2281 vic‘turi
1917 2234 2021 2298 post
2047 2245 2263 2288 mortem,
2298 2233 2409 2296 quid

422 2297 624 2345 internus
644 2299 806 2355 homo,
843 2314 901 2347 ne
918 2299 1110 2363 quidem
1128 2301 1255 2365 quod
1281 2301 1412 2349 detur
1440 2299 1629 2365 aliquod
1650 2299 1913 2366 spirituale3
1949 2299 2099 2346 minus
2123 2298 2250 2362 quod
2287 2297 2411 2344 Mes-

416 2360 500 2409 fias
523 2363 701 2410 venerit
721 2365 779 2411 ad
806 2363 1072 2413 salvandum
1095 2367 1302 2422 animas,
1326 2366 1451 2431 quod
1477 2366 1679 2414 Verbum
1712 2381 1802 2432 pro
1836 2365 1925 2413 illis
1949 2363 2173 2412 occlusum
2198 2364 2268 2420 fit,
2304 2364 2410 2411 satis

415 2428 625 2476 constare
648 2428 799 2492 potest
822 2429 960 2477 etiarn
989 2445 1046 2478 ex
1061 2447 1135 2488 eo,
1171 2435 1295 2497 quod
1315 2431 1493 2480 tametsi
1526 2431 1645 2480 inter
1672 2430 1952 2479 Christianos
1973 2431 2157 2487 vivunt,
2181 2429 2319 2493 usque
2343 2442 2408 2476 ta-

420 2509 529 2541 men
550 2509 606 2541 ne
625 2494 774 2542 hilum
798 2509 858 2542 ex
877 2493 1211 2547 doctrinalibus
1233 2514 1388 2546 eorum
1422 2497 1677 2561 recipiant3
1715 2496 1961 2546 secundum
1997 2497 2098 2543 haec
2121 2495 2243 2560 apud
2277 2493 2406 2543 Esai,

417 2576 495 2607 am
531 2567 567 2589 “
592 2560 730 2608 Dicas
767 2561 945 2626 populo
981 2562 1102 2620 huic,
1139 2564 1293 2613 audite
1314 2563 1564 2621 audiendo,
1600 2562 1651 2610 ὅτ
1686 2579 1743 2611 ne
1777 2563 2038 2626 intelligite,
2075 2563 2126 2610 ὅτ
2149 2561 2303 2609 videte
2337 2562 2407 2610 vi-

417 2624 587 2683 vendo,
623 2625 673 2673 ὅτ
697 2642 753 2674 ne
775 2626 1071 2689 cognoscite;
1108 2629 1351 2694 impingua
1369 2646 1449 2677 cor
1480 2630 1639 2694 populi
1665 2628 1809 2693 hujus,
1847 2630 1898 2677 ὅτ
1923 2644 2052 2676 aures
2069 2626 2165 2692 ejus
2182 2643 2402 2690 aggrava,

419 2690 472 2739 ὅτ
496 2692 652 2740 oculos
674 2691 770 2756 eJus
787 2693 942 2740 obline
962 2710 973 2742 ε
1010 2696 1061 2742 ὅτ
1085 2693 1196 2753 dixi,
1221 2695 1454 2760 quoufique
1474 2695 1695 2751 Domine,
1720 2697 1770 2743 ὅτ
1795 2695 1931 2752 dixit,
1956 2693 2098 2758 usque
2119 2694 2234 2741 dum
2257 2692 2405 2741 vasta·

418 2770 481 2806 tae
519 2756 619 2805 sunt
643 2762 794 2815 urbes,
819 2758 931 2806 dum
956 2760 1101 2808 nullus
1127 2761 1366 2820 habitator,
1403 2763 1453 2810 ὅτ
1472 2762 1639 2809 domus
1660 2761 1773 2809 dum
1797 2761 1943 2809 nullus
1968 2761 2128 2818 home,
2166 2758 2216 2805 &
2240 2760 2404 2807 humus

415 2821 1056 2880 vastatafitinsolitudinem”
1082 2843 1157 2876 vr:
1178 2845 1223 2892 9.
1250 2844 1319 2877 10.
1338 2845 1352 2874 ι
1370 2845 1408 2875 1.
1430 2828 1614 2875 Matth:
1633 2843 1760 2876 xm:
1786 2844 1859 2887 ¹4·
1886 2844 1957 2890 15·
1975 2826 2300 2888 Joh2x11240.
2323 2841 2400 2884 41.

416 2888 654 2951 Qantum
666 2890 796 2939 enim
814 2891 961 2940 homo
980 2893 1025 2940 in
1043 2894 1277 2942 amoribus
1296 2893 1416 2942 sui&
1436 2893 1600 2941 mundi
1619 2893 1702 2952 est,
1728 2893 1842 2942 &in
1864 2909 2024 2942 eorum
2048 2891 2400 2956 cupiditatibus,

415 2964 594 3002 tantum
613 2956 875 3006 occluditur
890 2958 934 3005 ei
955 2958 1167 3008 Verbum
1190 2980 1206 3017 3
1242 2975 1423 3009 amores
1441 2959 1569 3008 enim
1595 2959 1663 3008 illi
1687 2974 1777 3023 pro
1800 2959 1895 3008 fine
1914 2960 2084 3007 habent
2106 2957 2167 3016 se,
2191 2958 2271 3022 qui
2288 2956 2394 3006 finis

416 3017 797 3094 lumen-naturale
833 3023 1063 3082 accendit,
1100 3023 1178 3074 sed
1215 3026 1367 3075 lucem
1402 3025 1636 3074 coelestem
1678 3025 1925 3090 extinguit,
1962 3025 2020 3074 fic
2056 3035 2107 3073 ut
2139 3035 2295 3072 accute
2330 3020 2398 3069 vi-

411 3082 554 3135 deant
574 3084 651 3136 ¹1¹²
672 3102 779 3153 (11³ae
799 3087 903 3157 sunt
934 3086 1001 3139 sui
1026 3089 1077 3140 ὅτ
1098 3092 1280 3154 mundi,
1314 3094 1366 3143 &
1405 3108 1462 3140 ne
1500 3091 1650 3143 hilum
1681 3107 1789 3159 quae
1820 3091 1922 3142 sunt
1945 3089 2146 3151 Domini
2180 3089 2230 3137 &
2257 3086 2399 3151 Ipfius

1354 3157 1471 3226 (ζει
1493 3173 1525 3222 q
1562 3172 1587 3205 2
2223 3149 2402 3215 Regni;
