2872 3730
551 235 820 304 CAPU
841 235 924 323 T-
953 230 1556 323 VIGESIMUM
1612 227 2150 316 QUARTUM.
2241 249 2371 311 199

379 363 532 412 alluit:
568 366 696 428 quod
732 364 874 429 ipsam
898 365 1038 413 Lucis
1067 362 1295 425 originem
1330 361 1579 418 concernit,
1613 358 1702 408 fuit
1732 358 1806 406 illa
1827 358 1882 404 ab
1905 370 2073 405 aeterno
2095 376 2120 406 a
2140 359 2248 406 Solo
2270 358 2370 405 Do·

379 432 524 487 min0,
560 447 667 478 nam
709 430 863 494 ipsum
900 424 1127 477 Divinum
1153 429 1353 483 Bonum,
1388 429 1438 475 &
1462 429 1690 474 Divinum
1713 426 1907 481 Verum,
1942 440 2000 470 ex
2030 440 2124 487 quo
2146 425 2274 480 Lux,
2309 422 2374 470 est

378 497 648 552 Dominus,
680 499 908 544 Divinum
929 495 1227 549 Humanum,
1263 494 1389 556 quod
1424 493 1481 539 ab
1519 505 1705 548 aeterno,
1742 491 1864 552 Joh:
1891 506 2030 536 xvrr:
2060 506 2106 551 5,
2157 488 2243 535 fuit
2282 488 2374 551 ipsa

381 563 458 609 illa
477 563 587 609 Lux
606 584 620 617 3
655 577 763 624 quae
784 561 912 616 Lux,
946 562 1055 623 quia
1077 577 1170 607 non
1187 560 1382 623 amplius
1405 559 1578 606 afficere
1602 561 1755 622 potuit
1776 573 1919 620 genus
1942 556 2211 611 humanum,
2245 556 2373 617 quod

382 628 425 674 se
463 639 643 674 tantum
685 627 879 678 removit
921 641 948 672 a
983 626 1106 674 bono
1146 628 1195 672 δε
1235 641 1361 682 vero,
1397 626 1459 672 ita
1491 641 1515 671 a
1538 625 1684 682 Luce,
1721 625 1770 670 &
1795 622 1837 670 se
1869 619 2061 684 conjecit
2086 623 2132 668 in
2154 621 2372 675 tenebras,

384 693 489 741 ideo
509 693 741 739 Dominus
765 691 915 738 voluit
951 692 1100 756 ipsum
1131 692 1412 739 Humanum
1450 707 1531 754 per
1565 692 1848 738 nativitatem
1885 690 2106 743 induere3
2157 686 2216 733 fic
2252 687 2375 732 enim

380 775 473 808 non
495 757 638 806 modo
662 758 888 805 rationalia
910 758 1123 815 hominis,
1158 757 1235 806 sed
1256 760 1392 805 etiam
1416 755 1510 822 ejus
1543 756 1757 805 naturalia
1793 755 2046 802 illuminare
2068 754 2220 818 potuit
2240 774 2254 808 ;
2289 753 2377 798 Di-

379 825 541 871 vinum
577 825 699 870 enim
739 821 847 871 fecit
887 826 933 871 in
966 825 1023 871 Se
1058 838 1151 871 tam
1185 824 1421 872 Rationale
1458 839 1600 887 quam
1626 821 1858 878 Naturale,
1894 834 1946 867 ut
1970 820 2072 876 illis,
2108 822 2189 882 qui
2213 821 2260 866 in
2282 830 2377 865 tam

380 889 523 939 densis
559 889 752 936 tenebris
785 890 938 948 essent,
988 892 1123 938 etiam
1163 891 1275 938 Lux
1310 891 1394 937 ess'e
1435 889 1606 952 posset:
1640 889 1767 951 quod
1788 889 2023 935 Dominus
2053 887 2106 933 fit
2129 887 2255 941 Lux,
2291 884 2379 931 hoc

380 955 461 1013 est,
497 954 645 1019 ipsum
679 957 862 1004 Bonum
893 959 944 1004 &
973 957 1161 1014 Verum,
1198 957 1260 1003 ita
1295 971 1353 1004 ex
1387 954 1491 1019 Ipso
1536 956 1686 1003 omnis
1732 954 2025 1017 intelligentia
2063 954 2112 1000 ὅτ
2152 952 2375 1015 sapientia,

379 1021 571 1087 proinde
593 1021 721 1080 salus,
756 1022 954 1078 constare
992 1022 1138 1087 potest
1159 1039 1184 1070 a
1206 1022 1413 1086 pluribus
1441 1021 1553 1070 locis
1588 1023 1636 1068 in
1658 1021 1816 1069 Verbo
1835 1043 1850 1077 ;
1887 1032 1938 1067 ut
1961 1019 2084 1084 apud
2104 1018 2377 1080 Johannem,

382 1094 419 1116 “
451 1088 505 1136 In
527 1088 754 1152 principio
773 1102 866 1136 erat
888 1090 1088 1147 Verbum,
1122 1090 1172 1136 ὅτ
1196 1089 1405 1136 Verbum
1434 1101 1528 1136 erat
1558 1087 1679 1151 apud
1703 1087 1878 1143 Deum,
1914 1088 1962 1133 &
1987 1087 2115 1132 Deus
2149 1098 2240 1132 erat
2265 1084 2378 1130 Ver·

382 1154 514 1210 bum,
550 1155 596 1201 in
623 1154 722 1217 Ipso
743 1157 837 1203 vita
868 1169 977 1212 erat,
1012 1157 1062 1203 &
1099 1158 1198 1202 vita
1236 1166 1330 1202 erat
1353 1157 1454 1203 Lux
1492 1154 1735 1210 hominum3
1772 1153 2002 1215 Johannes
2026 1153 2152 1198 venit
2175 1164 2228 1198 ut
2251 1150 2378 1197 testa·

382 1232 508 1268 retur
543 1220 601 1266 de
621 1221 737 1268 Luce
756 1243 771 1276 ;
807 1237 899 1268 non
935 1234 1026 1269 erat
1059 1221 1132 1268 ille
1154 1222 1274 1278 Lux,
1309 1220 1384 1268 sed
1405 1233 1459 1268 ut
1479 1219 1709 1268 testaretur
1731 1220 1788 1266 de
1812 1221 1940 1268 Luce.
2011 1218 2125 1267 Erat
2148 1219 2248 1266 Lux
2272 1234 2379 1264 ‘cera

366 1302 491 1349 *quae
528 1286 742 1333 illuminat
780 1302 967 1334 omnem
1001 1287 1237 1334 hominem
1268 1288 1525 1335 venientem
1565 1287 1611 1333 in
1652 1285 1935 1342 mundum‚”
1976 1302 2025 1332 1:
2059 1303 2097 1332 1.
2116 1302 2163 1344 4.
2187 1300 2228 1348 7.
2252 1288 2293 1332 8.
2315 1302 2377 1348 9:

385 1351 593 1399 Verbum
624 1365 719 1400 erat
739 1353 972 1400 Divinum
995 1354 1288 1411 Verum,.ita
1324 1352 1422 1417 Ipse
1457 1353 1688 1410 Dominus
1735 1352 1888 1416 quoad
1926 1352 2155 1398 Divinum
2195 1352 2381 1398 Huma-

388 1434 520 1476 num,
556 1418 613 1466 de
635 1434 729 1482 quo
751 1420 935 1482 dicitur,
969 1420 1098 1484 quod
1113 1419 1322 1467 Verbum
1344 1431 1437 1467 erat
1459 1419 1582 1484 apud
1601 1420 1778 1475 Deum,
1813 1419 1863 1467 &
1885 1419 2012 1466 Deus
2035 1430 2127 1464 erat
2151 1417 2380 1464 Verbum:

386 1485 509 1549 apud
531 1485 767 1543 Eundem,
805 1491 839 1513 “
864 1487 977 1534 Hoc
1013 1486 1075 1533 est
1097 1483 1353 1550 judicium,
1393 1486 1522 1550 quod
1544 1486 1646 1532 Lux
1683 1486 1807 1532 venit
1843 1486 1889 1532 in
1929 1484 2179 1540 mundum,
2212 1483 2287 1530 sed
2312 1483 2382 1530 di·

387 1551 594 1598 lexerunt
631 1551 840 1598 homines
879 1553 1026 1614 magis
1061 1552 1262 1599 tenebras
1297 1567 1437 1614 quam
1458 1552 1666 1608 Lucem,”
1695 1567 1797 1598 111:
1826 1569 1902 1615 19,
1937 1550 2049 1597 Lux
2087 1566 2173 1613 pro
2206 1551 2384 1596 Divino

389 1615 537 1664 Vero:
574 1617 696 1680 apud
721 1617 953 1673 Eundem,
990 1622 1024 1643 “
1048 1617 1176 1678 Jesus
1212 1617 1345 1673 dixit,
1381 1618 1476 1679 Ego
1499 1618 1596 1680 sum
1626 1617 1728 1664 [μοι
1763 1617 1923 1672 mundi,
1959 1617 2038 1679 qui
2059 1616 2145 1662 Me
2168 1614 2384 1679 sequitur,

386 1699 480 1733 non
519 1681 771 1730 ambulabit
810 1683 856 1731 in
896 1682 1108 1739 tenebris,
1143 1682 1218 1730 sed
1257 1681 1441 1730 habebit
1464 1683 1620 1747 Lucem
1640 1683 1799 1738 vitae,'’
1822 1697 1955 1729 vm:
1989 1698 2072 1730 ηε
2108 1683 2231 1745 apud
2255 1682 2384 1728 Eun-

386 1749 513 1806 dem,
551 1753 586 1776 “
610 1748 781 1797 Adhuc
820 1751 956 1797 breve
993 1763 1176 1813 tempus
1199 1751 1301 1797 Lux
1339 1748 1578 1796 vobiscum
1609 1746 1689 1805 est,
1723 1747 1949 1795 ambulate
1972 1746 2207 1811 quousque
2229 1750 2387 1796 Lucem

388 1815 574 1872 habetis,
610 1832 666 1863 ne
703 1816 900 1864 tenebrae
938 1832 1024 1863 vos
1061 1815 1431 1880 apprehendant;
1466 1813 1702 1879 quousque
1723 1815 1881 1864 Lucem
1919 1813 2105 1871 habetis,
2148 1815 2303 1861 credite
2342 1817 2388 1861 in

388 1884 562 1937 Lucem,
599 1894 652 1928 ut
660 1881 751 1940 filii
771 1885 904 1930 Lucis
938 1881 1078 1939 fitis,”
1112 1898 1223 1930 xn:
1251 1883 1449 1946 35.·36:
1487 1881 1611 1946 apud
1647 1881 1884 1937 Eundem,
1919 1886 1954 1907 “
1979 1881 2078 1946 Qi
2117 1881 2244 1928 videt
2285 1881 2387 1937 Me,

351 1982 357 1985 -
389 1948 520 1995 videt
542 1947 697 2012 Ipsum
727 1951 807 2008 qui
837 1948 954 1995 misit
978 1949 1082 2006 Me,
1117 1950 1212 2011 Ego
1234 1950 1336 1997 Lux
1363 1951 1410 1996 in
1444 1948 1642 1996 mundum
1667 1949 1788 2005 sveni,
1825 1949 1873 1995 &
1899 1949 2049 1994 omnis
2074 1949 2153 2011 qui
2176 1947 2319 1995 credit
2341 1949 2388 1994 in

391 2014 496 2071 Me,
531 2015 578 2060 in
608 2013 799 2062 tenebris
830 2032 920 2062 non
953 2017 1179 2072 maneat,''
1204 2031 1281 2062 ΧΠ
1303 2035 1314 2064 :
1340 2032 1420 2078 45.
1446 2016 1541 2075 46:
1579 2014 1700 2078 apud
1725 2016 1923 2071 Lucam,
1959 2019 1993 2040 “
2018 2015 2245 2061 Viderunt
2268 2014 2389 2061 oculi

391 2082 483 2134 mei
505 2079 688 2128 salutare
707 2093 858 2138 tuum,
894 2082 1022 2146 quod
1047 2081 1307 2146 praeparasti
1330 2094 1432 2128 ante
1465 2080 1627 2130 faciem
1661 2083 1874 2130 omniurn
1898 2080 2198 2144 populorum,
2233 2083 2390 2128 Lucem

388 2149 436 2194 in
457 2147 753 2195 revelationem
769 2150 976 2211 gentium,
1011 2148 1061 2196 δε
1100 2148 1292 2211 gloriam
1331 2147 1491 2212 populi
1530 2150 1599 2194 tui
1622 2147 1839 2205 Israelis,''
1869 2163 1939 2195 11:
1970 2164 2044 2210 30.
2068 2164 2142 2211 31.
2168 2165 2245 2209 32,
2282 2164 2388 2210 pro·

388 2212 623 2277 pheticum
661 2214 885 2262 Simeonis
930 2215 987 2261 de
1025 2208 1234 2261 Domino
1273 2230 1382 2262 cum
1422 2217 1583 2261 natus:
1633 2214 1754 2277 apud
1788 2214 2089 2270 Matthaeum,
2128 2219 2161 2240 “
2187 2214 2391 2276 Populus

389 2277 544 2328 sedens
568 2281 613 2325 in
637 2280 845 2337 tenebris,
879 2280 999 2327 vidit
1020 2281 1177 2328 Lucem
1205 2297 1420 2343 magnam,
1456 2281 1504 2327 δε
1541 2279 1794 2328 sedentibus
1834 2281 1879 2326 in
1912 2275 2102 2342 ¹regione
2139 2281 2188 2326 &
2229 2279 2390 2326 umbra

393 2345 571 2411 mortis,
606 2347 707 2392 Lux
730 2356 877 2392 exorta
899 2346 1002 2404 est,'’
1021 2362 1107 2393 ·1v:
1140 2362 1212 2409 17.
1249 2346 1378 2394 Esai:
1406 2362 1489 2398 lx:
1523 2364 1541 2394 1
1568 2369 1583 2400 ;
1618 2362 1675 2398 ex
1708 2345 1875 2408 quibus
1915 2345 2025 2391 locis
2059 2343 2286 2391 manifeste
2312 2362 2386 2407 pa,-

393 2421 475 2466 tet,
511 2410 638 2473 quod
670 2411 902 2458 Dominus
937 2411 1091 2475 quoad
1129 2412 1356 2458 Divinum
1381 2412 1564 2459 Bonum
1589 2412 1638 2457 δι’
1661 2412 1838 2457 Verum
1872 2411 1916 2456 in
1941 2411 2118 2457 Divino
2142 2410 2387 2467 Humano,

392 2476 572 2523 dicatur
608 2477 754 2531 Lux3
803 2479 938 2524 etiam
979 2479 1025 2524 in
1065 2477 1348 2541 Propheticis
1375 2477 1554 2536 vVeteris
1592 2475 1908 2531 Testamenti;
1952 2481 2004 2522 ut
2042 2476 2163 2539 apud
2194 2476 2391 2534 Esaiam,

395 2547 430 2570 “
466 2541 569 2589 Erit
590 2544 692 2590 Lux
714 2544 884 2606 Istaelis
922 2545 967 2589 in
1008 2545 1182 2606 ignem,
1218 2545 1266 2590 &
1292 2544 1476 2591 Sanetus
1514 2540 1610 2605 ejus
1648 2543 1694 2588 in
1732 2543 2018 2598 flammam‚”
2054 2559 2114 2589 x:
2144 2559 2231 2605 17:
2269 2544 2392 2605 apud

397 2607 633 2665 Eundem,
672 2614 706 2635 “
730 2609 838 2672 Ego
854 2609 1066 2670 Jehovah
1086 2610 1248 2656 vocavi
1271 2610 1345 2656 Te
1377 2611 1421 2655 in
1432 2604 1624 2671 justitia,
1662 2610 1711 2655 &
1731 2608 1849 2654 dabo
1872 2609 1944 2654 Te
1965 2609 2013 2654 in
2036 2607 2190 2661 fundus
2213 2610 2390 2671 populi,

393 2674 523 2722 &in
547 2676 702 2722 Lucem
718 2671 1133 2737 gentium,’''xmrz
1161 2676 1190 2723 6
1212 2693 1222 2722 z
1260 2675 1381 2738 apud
1406 2675 1640 2731 Eundem,
1679 2679 1712 2700 ‘⁶
1735 2673 1860 2721 Dedi
1890 2675 1964 2721 Te
2002 2675 2047 2721 in
2087 2676 2243 2722 Lucem
2280 2677 2391 2722 Gen-

389 2743 520 2798 rium,
557 2753 611 2787 ut
631 2741 685 2788 s1s
708 2740 821 2789 salus
855 2758 956 2789 mea
991 2742 1128 2805 usque
1167 2741 1222 2789 ad
1261 2742 1592 2798 extremitatem
1629 2742 1815 2797 terrae,”
1847 2756 1992 2789 xmx:
2020 2742 2080 2789 6:
2118 2741 2390 2805 apudnEun-

396 2807 521 2865 dem,
541 2811 596 2869 '‘7‘
618 2808 782 2872 Surge,
819 2807 1092 2865 illuminare,
1127 2809 1234 2872 quia
1256 2809 1505 2857 venit'Lux
1538 2818 1632 2865 tua,
1667 2808 1718 2854 δε
1750 2806 1897 2870 gloria
1919 2807 2111 2868 Jehovae
2152 2807 2281 2871 super
2318 2809 2393 2854 Te

395 2886 552 2921 exorta
573 2873 667 2929 est3
704 2874 1001 2922 ambulabunt
1025 2876 1197 2922 Gentes
1220 2874 1277 2920 ad
1299 2877 1456 2923 Lucem
1479 2885 1616 2931 tuam,
1654 2876 1702 2921 &
1725 2890 1850 2936 reges
1884 2874 1942 2920 ad
1972 2873 2229 2936 splendorem
2268 2886 2397 2921 ortus

394 2941 514 2995 tui,”
549 2956 640 2988 Lx:
674 2958 712 2989 1.
741 2958 783 3004 3.
856 2941 1000 3005 Qod
1042 2942 1192 2989 omnis
1231 2941 1342 2988 Lux
1387 2940 1519 2997 caeli,
1551 2939 1742 3003 proinde
1782 2939 1989 3002 sapientia
2022 2942 2071 2986 &
2103 2939 2395 3002 intelligentia

395 3003 449 3050 fit
468 3021 498 3051 ·a
519 3006 744 3063 DominO,
779 3007 900 3071 apud
922 3007 1196 3069 johannem,
1235 3012 1268 3034 “
1291 3006 1419 3055 Urbs
1441 3006 1601 3054 Sancta
1623 3006 1946 3068 Hierosolyma
1981 3022 2098 3053 nova
2126 3005 2393 3053 descendens

396 3070 548 3136 aDeo
580 3089 604 3117 e
637 3062 775 3129 ctelo,
812 3085 960 3137 parata
996 3074 1110 3121 ficut
1131 3074 1285 3137 sponsa
1309 3086 1462 3121 ornata
1487 3074 1667 3129 marito,
1703 3089 1794 3120 non
1817 3088 1931 3134 opus
1955 3072 2087 3118 habet
2108 3071 2213 3130 sole,
2250 3088 2393 3134 neque

396 3133 518 3188 luna,
551 3142 614 3183 'ut
642 3135 817 3186 'luceant
850 3141 896 3186 in
927 3156 994 3197 ea,
1030 3140 1174 3204 gloria
1194 3140 1284 3188 Dei
1321 3140 1548 3200 illustrabit
1589 3139 1733 3195 illam,
1770 3140 1818 3186 ὅτ
1843 3140 2038 3187 Lucerna
2061 3138 2175 3184 illius
2192 3138 2393 3200 Agnus,?'

397 3200 561 3263 Apoc:
586 3216 670 3248 xxx
694 3220 706 3249 t
733 3221 775 3253 2.
804 3221 895 3269 23:
933 3206 990 3254 de
1019 3207 1179 3255 eadem
1213 3214 1371 3270 porro,
1409 3212 1442 3234 “
1466 3206 1579 3254 Nox
1620 3221 1710 3257 non
1754 3206 1838 3253 erit
1876 3204 1955 3262 ibi,
1992 3219 2137 3267 neque
2169 3218 2284 3266 opus
2288 3202 2392 3313 ἐα-

2346 3279 2398 3314 nt
