2904 3750
513 242 653 307 440
1019 171 1992 295 GENE‘SIS.

511 355 574 401 est
599 356 813 403 intimum
837 354 1012 404 bonum
1036 357 1086 404 δε
1111 356 1214 404 inde
1237 371 1396 404 verum
1419 355 1547 420 quod
1571 372 1595 403 a
1616 356 1842 413 Domino,
1874 355 2006 420 quale
2038 354 2102 404 est
2135 355 2181 404 in
2205 356 2347 415 coe10,
2381 356 2433 408 &
2454 375 2511 410 ex
2533 410 2538 415 ,

513 423 633 484 quali
668 422 730 469 est
766 422 914 487 ipsum
949 423 1161 478 eoelurn3
1207 423 1294 471 hoc
1317 439 1503 487 quoque
1525 424 1755 471 Divinum
1779 424 1947 471 dicitur
1975 424 2083 487 quia
2115 440 2140 470 a
2161 425 2403 482 Domino;
2448 427 2512 475 est

515 490 635 535 enim
660 490 907 546 Dominus,
942 490 1016 537 seu
1056 490 1184 554 quod
1223 491 1364 547 idem,
1399 491 1646 547 Divinum,
1683 490 1810 554 quod
1842 507 1867 537 a
1900 491 2009 538 Solo
2032 492 2257 549 Domino,
2293 486 2430 540 omne
2463 494 2511 541 in

515 555 727 602 omnibus
764 557 904 612 coeli3
942 557 1070 619 quod
1109 573 1201 603 non
1235 574 1259 604 a
1289 558 1464 605 Divino
1498 557 1575 613 ibi,
1612 557 1710 612 hoc,
1739 554 1932 604 nonest
1966 557 2109 614 coeli;
2150 559 2256 605 inde
2287 558 2351 606 est
2385 560 2513 623 quod

516 623 747 735 aliquoties
772 623 895 686 prins
920 623 1113 680 dictum,
1139 624 1264 687 quod
1284 625 1520 689 Dominus
1543 623 1597 671 sit
1620 623 1769 688 ipsum
1793 624 1986 682 coelum,
2011 625 2060 673 δε
2084 625 2211 688 quod
2235 626 2282 672 in
2305 626 2515 675 Domino

535 702 602 736 int
670 691 713 736 ui
748 690 793 736 in
818 689 954 736 coelo.

586 706 727 821 37qO1.
765 757 828 805 Et
852 771 955 803 ecce
979 755 1149 819 Angeli
1174 757 1262 804 Dei
1295 755 1578 804 ascendentes
1603 757 1649 804 δι
1677 756 1992 806 descendentes
2026 757 2071 806 in
2097 758 2186 815 illa,
2223 759 2350 822 quod
2374 759 2511 823 figni-

516 822 621 870 ficet
658 823 879 870 infinitam
919 823 967 870 &
1007 836 1220 870 aeternam
1266 824 1728 871 communicationem
1770 826 1817 871 δι
1862 825 1965 872 inde
2004 824 2406 889 conjunctionem3
2462 828 2514 874 δε

516 888 642 953 quod
679 906 734 937 ex
772 889 932 936 infimo
967 889 1094 953 quasi
1133 888 1348 946 ascensus,
1397 890 1447 938 ὅτ
1483 889 1587 937 dein
1622 906 1730 938 cum
1763 890 1880 938 ordo
1913 890 1979 939 est
2014 890 2228 949 inversuS‚
2265 891 2513 949 descensus,

517 955 686 1003 constat
709 972 764 1003 ex
787 956 1110 1019 significatione
1133 957 1441 1020 Angelorum,
1476 957 1602 1020 quod
1624 957 1677 1004 s1t
1698 956 1870 1021 aliquid
1893 958 2118 1005 Divinum
2142 959 2354 1016 Domini,
2384 959 2514 1024 quod

515 1039 596 1086 per
633 1023 731 1071 illos
772 1024 818 1070 in
848 1023 1020 1080 Verbo,
1069 1038 1178 1070 cum
1213 1025 1522 1079 nominantur,
1568 1024 1854 1088 intelligitur,
1890 1023 1947 1071 de
1985 1041 2077 1089 qua
2113 1041 2172 1073 n:
2204 1043 2343 1092 1925.
2369 1043 2510 1089 2321.
2584 1040 2586 1042 ’

517 1094 658 1139 2821.
690 1105 832 1155 3039,
885 1089 958 1137 hic
993 1090 1120 1153 quod
1157 1089 1211 1137 sit
1237 1090 1467 1137 Divinum
1491 1090 1695 1147 Verum,
1744 1090 1916 1138 constat
1953 1107 2011 1138 ex
2049 1108 2104 1139 eo
2142 1093 2268 1155 quod
2306 1092 2513 1139 dicantur

515 1157 685 1221 Angeli
709 1158 815 1213 Dei,
851 1157 980 1204 Deus
1012 1159 1134 1204 enim
1168 1156 1334 1204 dicitur
1373 1171 1480 1203 cum
1513 1158 1560 1203 in
1597 1156 1720 1203 sensu
1754 1158 1930 1204 interno
1953 1157 2102 1220 agitur
2125 1158 2183 1204 de
2204 1174 2330 1214 vero,
2366 1172 2411 1206 at
2433 1159 2512 1220 Je-

516 1223 664 1271 hovah
704 1239 811 1271 cum
846 1224 903 1270 de
934 1223 1071 1280 bono,
1109 1223 1314 1270 videatur
1337 1239 1396 1271 n:
1426 1224 1566 1285 2586.
1597 1224 1739 1289 2769.
1769 1227 1911 1287 2807.
1940 1218 2103 1280 28223
2139 1224 2243 1271 inde
2265 1223 2346 1281 est,
2381 1224 2512 1288 quod

515 1291 686 1337 tametfi
709 1290 912 1351 Jehovah
956 1306 1066 1337 mox
1106 1291 1382 1346 nominatur,
1418 1290 1467 1336 &
1491 1290 1674 1345 dicitur,
1711 1289 1916 1353 Jehovah
1937 1289 2062 1349 stans
2086 1291 2219 1353 super
2240 1289 2333 1347 illa,
2369 1291 2510 1355 usque

512 1356 587 1404 hic
611 1358 780 1420 Angeli
802 1359 890 1404 Dei
922 1369 1256 1420 nuncupentur,
1292 1372 1397 1405 nam
1430 1358 1582 1420 agitur
1609 1357 1666 1404 de
1688 1372 1798 1403 vero
1833 1372 1889 1403 ex
1926 1372 2021 1420 quo
2058 1356 2249 1417 bonum,
2283 1357 2409 1421 quod
2433 1358 2508 1405 hic

513 1422 576 1471 est
599 1424 758 1485 Jacob,
796 1436 847 1471 ut
871 1424 1035 1488 pluries
1069 1423 1199 1488 supra
1229 1424 1437 1471 dietum:
1474 1423 1599 1487 quod
1632 1439 1712 1487 per
1746 1422 2027 1471 ascendentes
2052 1425 2100 1472 &
2125 1422 2438 1472 descendentes
2461 1425 2509 1471 in

512 1489 622 1538 scala
654 1491 931 1556 significetur
963 1493 1008 1538 in
1043 1489 1172 1538 sensu
1200 1490 1411 1555 supremo
1443 1491 1618 1538 infinita
1651 1492 1698 1538 &
1725 1502 1893 1538 aeterna
1924 1486 2282 1539 communicatio
2318 1492 2367 1538 δε
2401 1491 2507 1538 inde

511 1555 786 1621 conjunetio,
822 1557 1019 1605 constare
1042 1556 1189 1621 potest
1210 1557 1374 1621 absque
1406 1557 1615 1604 ulteriore
1645 1557 1941 1621 explicatione
1963 1579 1977 1614 ;
2013 1558 2069 1604 de
2090 1557 2190 1623 'ipso
2211 1559 2385 1606 Divino
2407 1559 2507 1605 Do·

512 1626 624 1670 mini
658 1626 707 1671 ὅτ
734 1625 905 1671 Divino
929 1625 1156 1671 Humano
1178 1624 1338 1686 Ipsius,
1375 1640 1467 1670 non
1504 1623 1738 1686 praedicari
1772 1623 1917 1687 potest
1949 1626 2305 1674 communicatio
2328 1626 2377 1672 &
2399 1624 2506 1672 inde

511 1688 786 1753 cmjunffio,
823 1690 903 1736 nis1
942 1689 1075 1736 simul
1115 1690 1292 1737 dicatur
1330 1690 1591 1736 infinita&
1621 1702 1805 1745 aeterna,
1842 1706 1948 1736 narn
1983 1692 2028 1736 in
2052 1692 2261 1739 Domino
2283 1707 2420 1737 omne
2440 1690 2505 1738 est

511 1756 741 1804 infinitum
766 1757 814 1803 ὅτ
838 1766 1079 1812 aeternum,
1115 1755 1352 1802 Infinitum
1377 1753 1617 1819 respective
1639 1755 1693 1801 ad
1719 1754 1838 1811 Esse,
1873 1755 1922 1801 δε
1939 1756 2186 1802 AEternum
2210 1757 2266 1802 ad
2286 1756 2501 1804 Existere.

509 1822 585 1869 Ex
621 1823 722 1879 illis,
758 1838 864 1885 quae
898 1822 1109 1869 hactenus
1147 1821 1263 1868 diCta
1296 1820 1413 1877 sunt,
1448 1833 1585 1885 patet,
1620 1821 1747 1885 quod
1785 1836 1865 1884 per
1905 1820 2064 1868 scalam
2105 1821 2313 1869 statutam
2354 1836 2501 1879 terrae,

508 1889 559 1936 &
594 1902 728 1953 caput
757 1886 851 1951 ejus
872 1890 1133 1952 pertingens
1167 1888 1358 1945 coelum,
1388 1888 1438 1935 δε
1471 1903 1575 1935 ecce
1599 1886 1771 1951 Angeli
1796 1888 1882 1934 Dei
1915 1886 2194 1935 ascendentes
2232 1890 2282 1935 ὅτ
2322 1889 2502 1935 descen-

507 1955 662 2004 dentes
684 1959 730 2003 in
754 1956 843 2013 illa,
878 1955 1155 2019 fignificetur
1183 1956 1230 2002 in
1252 1954 1430 2002 summa
1458 1970 1515 2002 ex
1547 1953 1709 2002 infimo
1744 1953 1866 2017 quafi
1906 1952 2121 2010 ascensus,
2155 1954 2205 2001 &
2231 1954 2352 2010 dein,
2389 1970 2498 2003 cum

506 2023 624 2070 ordo
659 2021 722 2069 est
755 2020 970 2079 inversu‘s,
1014 2021 1257 2070 descensus,
1330 2021 1589 2083 Qomodo
1627 2036 1735 2067 cum
1775 2019 1863 2067 hoc
1903 2019 2083 2074 ascensu„
2119 2020 2169 2068 &
2208 2020 2417 2068 descensu
2459 2023 2501 2070 se

505 2088 655 2146 habet,
690 2088 887 2136 constare
914 2088 1063 2153 potest
1086 2105 1145 2136 ex
1167 2089 1269 2146 illis,
1294 2102 1399 2151 quae
1424 2086 1552 2152 supra
1583 2104 1644 2135 n:
1668 2103 1809 2152 3539.
1840 2091 1983 2151 3548.
2011 2088 2153 2151 3556.
2182 2088 2324 2152 3563.
2354 2104 2497 2153 3570.

509 2157 650 2221 3576.
696 2156 838 2221 3603.
885 2158 1026 2220 3607.
1069 2156 1210 2219 3610.
1255 2156 1396 2219 3665.
1442 2155 1588 2220 3690,
1641 2154 1762 2201 dicta
1798 2154 1847 2201 δε
1888 2153 2056 2202 ostensa
2095 2154 2226 2202 sunt:
2281 2153 2356 2202 sed
2395 2157 2501 2220 quia

503 2223 576 2270 hic
606 2223 736 2279 ordo,
772 2222 851 2286 qui
885 2221 947 2269 est
978 2221 1323 2285 regenerationis
1347 2222 1561 2278 hominis,
1598 2220 1649 2268 ὅτ
1671 2219 1933 2267 describitur
1965 2219 2039 2267 hic
2061 2221 2111 2267 &
2144 2222 2191 2267 in
2212 2219 2498 2284 sequentibus

502 2291 548 2336 in
573 2287 693 2336 sensu
717 2290 908 2346 interno,
944 2289 991 2336 in
1015 2288 1213 2336 Ecclesia
1242 2287 1422 2352 prorsus
1443 2287 1507 2335 est
1529 2288 1732 2351 ignotus,
1757 2286 1930 2334 idcirco
1954 2286 2058 2334 licet
2082 2286 2230 2334 adhuc
2263 2287 2494 2347 illustrare,

433 2369 435 2371 ’
490 2356 642 2420 ¹qualis
676 2356 758 2404 fit:
796 2368 959 2403 notum
983 2354 1062 2413 est,
1097 2355 1225 2419 quod
1246 2356 1389 2403 homo
1419 2356 1465 2402 in
1487 2367 1691 2402 naturam
1715 2365 1955 2418 parentum
1981 2352 2184 2410 suorum,
2210 2354 2258 2402 &
2283 2370 2494 2414 avorum,

499 2435 552 2471 ut
582 2423 630 2469 δε
663 2435 916 2479 atavorum,
950 2424 1030 2485 qui
1060 2420 1204 2486 usque
1237 2438 1262 2470 a
1294 2421 1484 2479 saeculis,
1523 2421 1737 2478 nascatur,
1776 2422 1838 2468 ita
1867 2422 1913 2468 in
1954 2420 2127 2468 malum
2161 2421 2496 2470 haereditarium

499 2490 709 2537 omnium
751 2489 933 2536 illorum
975 2488 1208 2536 successive
1232 2489 1537 2546 cumulatum,
1579 2487 1718 2553 usque
1756 2487 1871 2535 adeo
1894 2500 1947 2535 ut
1969 2503 2062 2535 non
2098 2486 2152 2536 fit
2182 2487 2265 2535 nisi
2300 2489 2493 2547 malum,

496 2567 718 2618 quantum
753 2572 779 2603 a
802 2555 842 2601 se
859 2577 875 2610 ·,
915 2554 1020 2602 inde
1042 2555 1193 2611 trahit,
1231 2556 1359 2619 quod
1384 2569 1476 2603 tam
1501 2555 1651 2618 quoad
1682 2554 1961 2602 intellectum
1993 2571 2131 2618 quam
2156 2554 2309 2619 quoad
2332 2556 2496 2602 volun-

496 2633 636 2667 tatem
670 2621 848 2684 prorsus
882 2621 1143 2684 deperditus
1165 2621 1234 2678 fit,
1271 2623 1320 2669 &
1344 2638 1400 2668 ex
1434 2621 1475 2668 se
1499 2621 1611 2668 nihil
1646 2621 1753 2668 boni
1779 2621 1906 2677 velit,
1943 2621 2122 2668 &inde
2148 2621 2260 2668 nihil
2294 2624 2389 2668 veri
2423 2623 2488 2668 in-

496 2686 684 2749 telligat,
719 2687 909 2750 proinde
941 2687 1067 2750 quod
1091 2686 1145 2733 fit
1169 2687 1340 2735 malum
1371 2687 1499 2750 quod
1533 2687 1649 2734 dicit*
1681 2687 1874 2743 bonum,
1913 2687 2011 2733 imo
2043 2687 2186 2733 credit
2210 2686 2403 2742 bonum,
2441 2688 2493 2734 ὅτ

494 2751 654 2799 falsum
678 2753 805 2816 quod
826 2752 938 2800 dicit
959 2768 1121 2799 verum
1143 2755 1240 2800 imo
1263 2753 1623 2808 credit-verum·,
1658 2753 1771 2799 ficut
1791 2767 1877 2815 pro
1898 2752 2132 2815 exemplo,
2155 2764 2303 2799 amare
2327 2751 2368 2798 se
2391 2767 2490 2815 prae

492 2819 604 2875 aliis,
641 2818 721 2866 fibi
741 2818 857 2866 velle
880 2818 1041 2865 melius
1064 2834 1203 2882 quarn
1238 2819 1351 2875 aliis,
1385 2834 1546 2881 cupere
1576 2834 1682 2881 quae
1715 2819 1825 2865 alius
1849 2816 1966 2873 sunt,
2007 2820 2054 2864 δε
2079 2817 2161 2864 fibi
2191 2817 2270 2864 soli
2295 2816 2486 2877 studere,

494 2901 586 2932 non
621 2884 715 2932 aliis
747 2885 825 2931 nifi
861 2883 915 2931 fit
947 2897 1132 2948 propter
1156 2887 1231 2940 se·,
1273 2884 1373 2931 haec
1409 2885 1515 2946 quia
1554 2885 1682 2947 cupit
1719 2899 1777 2930 ex
1814 2883 1872 2938 se,
1914 2884 2047 2929 etiam
2088 2896 2224 2931 vocat
2260 2883 2394 2942 bona,
2436 2887 2488 2933 &
2531 2920 2535 2922 .

491 2966 676 3015 quoque
700 2966 837 3006 vera,
880 2952 928 2997 ὅτ
953 2964 1106 3013 porro,
1145 2949 1179 2996 fi
1202 2949 1362 3010 aliquis
1386 2949 1517 2996 illum
1541 2950 1694 3013 quoad
1715 2949 1832 2996 bona
1861 2947 1935 2995 illa
1967 2949 2017 2995 &
2041 2965 2178 3006 vera3
2217 2963 2270 2997 ut
2299 2950 2373 2998 illa
2405 2967 2487 3000 vo-

492 3030 580 3074 cat,
609 3017 760 3074 laedit,
797 3016 870 3064 seu
901 3015 1064 3062 laedere
1082 3027 1241 3072 tentat,
1276 3016 1393 3073 odit,
1430 3017 1575 3062 etiam
1610 3030 1668 3062 ex
1704 3017 1858 3062 animo
1891 3014 2111 3073 vindicat,
2148 3018 2189 3063 81
2220 3015 2313 3080 ejus
2336 3020 2487 3081 perni-

489 3085 604 3136 ciem
627 3085 771 3146 cupit,
802 3084 857 3130 .&
889 3098 1074 3146 quoque
1102 3083 1284 3145 quaerit,
1304 3083 1357 3147 ⁴&
1379 3082 1425 3129 in
1455 3097 1510 3129 eo
1532 3079 1797 3145 jucundum
1819 3082 2031 3145 percipit,
2067 3086 2116 3133 &
2149 3082 2236 3131 hoc
2263 3100 2358 3148 quo
2381 3084 2486 3147 plus

487 3151 529 3198 se
564 3151 609 3197 in
640 3150 726 3198 illis
760 3148 988 3198 actualiter
1002 3148 1266 3207 confirmat,
1306 3148 1394 3196 hoc
1416 3147 1495 3206 est,
1530 3164 1625 3212 quo
1657 3146 1934 3212 frequentius
1957 3149 2188 3198 aCtualiter
2209 3150 2258 3197 id
2278 3163 2483 3199 exercet:

477 3217 600 3275 talis,
636 3233 744 3268 curn
781 3219 828 3267 in
866 3216 1048 3267 alteram
1083 3216 1224 3266 vitam
1255 3216 1397 3274 venit,
1437 3214 1640 3282 similiter
1678 3215 1825 3282 cupit,
1878 3212 1970 3279 ipsa
2001 3229 2175 3277 natura,
2224 3232 2485 3333 qua-tmalper

2264 3300 2289 3333 a
2335 3299 2365 3332 u
2408 3299 2483 3332 ern
