2904 3750
555 221 908 286 CAPUT
960 201 1569 284 VIGESIMUM
1626 214 2162 300 SEPTIMUM.
2254 180 2385 298 379

375 350 525 415 quaeso,
561 350 616 399 δέ)
640 349 823 414 osculare
845 365 923 409 me,
944 347 1022 408 fili
1041 349 1114 394 mi.
1185 347 1248 395 Et
1289 345 1463 406 acefft,
1500 344 1556 394 ὅ
1589 342 1795 405 ofiulcttus
1829 342 1883 402 ⁶st
1920 343 2056 399 illum,
2092 345 2147 393 (ς’
2185 342 2383 390 odoratus

375 416 430 475 est
471 416 632 467 odorem
669 416 843 475 vestium
879 414 1010 468 iltius,
1045 413 1103 461 ἐξ
1133 411 1343 459 benedixit
1381 412 1464 467 illi,
1500 410 1557 460 ἑά
1589 410 1719 465 dixit,
1754 412 1870 465 vide,
1907 410 2010 456 edm·
2033 410 2123 465 flii
2162 412 2241 455 mei
2266 410 2380 467 ficut

375 483 478 530 odor
496 485 612 560 agri,
649 485 717 529 cui
738 480 947 529 benedixit
966 477 1188 543 Je'hovczh.
1260 479 1326 525 Et
1353 477 1476 524 dabit
1514 477 1597 523 tibi
1619 477 1740 523 Deus
1777 475 1827 523 de
1859 492 1955 523 rore
1993 478 2096 530 cmi,
2133 477 2185 523 ej
2210 475 2260 521 de
2279 478 2382 535 pin-

368 549 620 611 guedimbus
652 558 795 604 terne,
831 546 887 598 &j
916 545 1228 592 multitudinem
1250 544 1467 604 frumenti
1504 542 1560 591 ᾤ’
1599 542 1732 601 misti.
1805 544 1996 589 Ser-vient
2021 542 2104 588 tibi
2127 540 2292 602 pepuli,
2333 540 2380 590 ΕΞ

374 615 664 665 incurvabunt
688 614 756 676 se*
776 613 861 658 tibi
887 610 1054 672 populi,
1091 610 1168 669 esto
1203 610 1327 657 herus
1347 609 1573 672 fratribus
1607 606 1707 664 tuis,
1746 608 1801 658 ἐξ
1824 609 2112 656 incurvabunt
2126 609 2176 670 ft:
2198 607 2278 653 tibi
2289 606 2380 663 filis?

371 682 525 730 matris
550 680 680 734 Vtueg
717 677 1004 726 maledicentes
1041 677 1123 725 tibi
1154 677 1415 734 maledictus,
1451 677 1506 726 &
1529 676 1806 724 benedicentes
1830 675 1912 723 tibi
1932 674 2178 723 benedierus.
2249 673 2382 719 Dixit

372 748 430 796 ad
453 746 584 796 illum
605 743 789 807 Jischak
814 757 942 808 pater
970 743 1106 800 illius,
1143 743 1303 791 accede
1326 743 1498 807 quaeso,
1535 742 1756 806 fignificat
1789 743 2091 806 perceptionis
2128 739 2273 788 adhuc
2314 741 2380 785 in—

369 814 544 863 terioris
566 807 793 876 gradum:
831 811 881 858 &
906 809 1100 858 osculare
1133 826 1224 868 me,
1261 809 1326 857 flii
1350 811 1434 867 mi,
1470 809 1691 874 fignificat
1722 810 1832 856 n'um
1862 811 1981 856 uniri
2021 809 2184 871 poffit:
2222 806 2284 853 Et
2308 822 2380 852 ac-

369 881 492 929 cesfit
515 881 564 927 &
587 878 811 926 osculatus
834 877 896 924 est
920 877 1071 933 illum,
1107 876 1330 940 fignificat
1352 875 1650 940 'praesentiam
1688 877 1738 923 &
1771 876 2050 925 unitionem:
2087 875 2137 921 δε
2162 867 2379 921 odoratus
2442 876 2447 881 '
2498 905 2510 913 .

366 947 432 996 est
450 947 643 994 odorem
667 944 861 992 vestium
887 943 1024 1000 illius,
1061 943 1282 1006 fignificat
1320 955 1507 1007 gratum
1539 959 1596 990 ex
1625 942 1733 990 boni
1757 958 1866 990 vero
1896 942 2023 1006 quod
2056 941 2288 1005 percepit:
2327 941 2378 986 δε

366 1012 601 1062 benedixit
637 1010 719 1068 illi,
764 1009 989 1075 fignificat
1026 1008 1395 1074 conjunstionem
1437 1012 1529 1058 ita:
1582 1010 1633 1057 δε
1668 1009 1803 1066 dixit,
1839 1009 1962 1066 vide,
1996 1008 2113 1056 odor
2148 1007 2229 1054 filii
2270 1006 2378 1063 mei,

361 1078 590 1145 'fignificat
625 1090 808 1143 gratum
847 1093 904 1124 ex
935 1077 1049 1125 boni
1068 1092 1208 1125 vero:
1246 1077 1360 1124 ficut
1391 1076 1508 1124 odor
1541 1076 1655 1140 agri,
1690 1075 1915 1141 fignificat
1938 1088 1991 1122 ut
2013 1090 2071 1122 ex
2093 1073 2211 1122 bona
2231 1073 2379 1122 humo

366 1162 426 1194 ex
447 1161 540 1210 qua
562 1157 726 1193 veru'm
747 1162 758 1192 ε
794 1144 871 1191 cui
894 1143 1125 1191 benedixit
1146 1143 1371 1205 jehovah,
1407 1141 1629 1208 fignificat
1660 1142 1789 1207 quod
1830 1141 2158 1205 multiplicatur
2180 1142 2228 1189 &
2254 1138 2377 1188 fruc·

367 1213 570 1260 tificatur
596 1227 653 1260 ex
675 1212 878 1259 Divino:
927 1209 993 1257 Et
1014 1208 1158 1257 dabit
1196 1210 1279 1258 tibi
1310 1210 1438 1258 Deus
1478 1208 1536 1257 de
1577 1224 1676 1257 rore
1711 1208 1839 1266 coeli,
1875 1208 2098 1273 fignificat
2120 1223 2178 1255 ex
2199 1208 2377 1255 Divino

367 1279 492 1326 Vero
511 1279 611 1327 zi&
635 1278 692 1326 de
715 1275 1071 1391 pirzguedinibus
1093 1287 1244 1332 terrae‚
1278 1275 1503 1340 fignificat
1536 1291 1595 1323 ex
1634 1275 1808 1323 Divino
1843 1275 2006 1324 Bono:
2043 1276 2094 1323 &
2118 1273 2377 1323 multitudi-

369 1361 477 1392 nem
507 1342 743 1402 frumenti,
796 1343 1002 1408 1gnificat
1040 1343 1146 1391 inde
1177 1341 1353 1391 bonum
1382 1342 1613 1392 naturale:
1647 1342 1700 1390 δε
1724 1340 1878 1399 musti,
1914 1340 2137 1406 fignificat
2172 1340 2277 1388 inde
2298 1356 2377 1388 ve-

342 1427 474 1460 -r-um
510 1411 741 1461 naturale:
794 1410 986 1458 servient
1021 1409 1105 1457 tibi
1142 1409 1320 1474 populi,
1356 1409 1387 1457 fi
1426 1409 1579 1457 nificat
1615 1423 1722 1456 vera
1750 1408 1993 1466 Ecclesiae,
2046 1408 2120 1456 seu
2156 1406 2379 1456 Ecclefias

367 1477 646 1543 spirituales:
681 1479 730 1526 &
754 1476 1059 1526 incurvabunt
1080 1475 1122 1524 se
1150 1475 1235 1524 tibi
1257 1492 1385 1542 popu
1405 1479 1436 1534 i,
1471 1475 1694 1540 fignificat
1714 1491 1821 1522 vera
1844 1475 1951 1524 boni
1972 1493 1983 1523 :
2018 1474 2114 1523 esto
2135 1474 2266 1523 herus
2288 1472 2376 1522 fra-

368 1544 513 1592 tribus
546 1545 659 1602 mis,
695 1543 918 1611 fignificat
953 1542 1215 1590 dominium
1250 1545 1456 1607 primum
1493 1557 1711 1654 apparens
1749 1541 1996 1590 affectionis
2028 1543 2125 1589 veri
2162 1541 2375 1590 naturalis
2410 1574 2418 1579 -

369 1609 503 1674 super
539 1610 795 1661 affectiones
835 1608 943 1656 boni
981 1608 1225 1656 naturalis:
1261 1609 1313 1656 δε
1336 1610 1523 1656 incurva
1556 1619 1641 1655 unt
1663 1607 1706 1656 se
1730 1606 1812 1657 tibi
1844 1607 1929 1656 filii
1963 1610 2118 1656 matris
2140 1619 2252 1664 tuae,
2287 1607 2376 1670 fig-

362 1676 521 1725 nificat
559 1675 691 1742 super
728 1674 987 1724 affeffiones
1023 1673 1216 1739 reliquas
1248 1675 1375 1723 veri:
1413 1673 1731 1723 maledicentes
1768 1672 1852 1720 tibi
1887 1673 2169 1731 maledictus,
2205 1674 2377 1738 fignifi-

364 1755 440 1791 cat
461 1742 591 1808 quod
611 1743 694 1807 qui
717 1741 759 1790 se
780 1739 1005 1806 disjungit
1026 1737 1276 1806 disjunctus
1298 1742 1409 1790 erit:
1429 1739 1497 1792 ’δι
1518 1739 1834 1790 benedicentes
1857 1739 1940 1789 tibi
1969 1739 2249 1799 benedictus,
2285 1740 2374 1805 fig-

367 1809 522 1859 nificat
540 1810 623 1876 qui
653 1808 696 1857 se
716 1806 959 1873 conjungit
979 1806 1248 1872 conjunstus
1272 1809 1371 1857 erit.

438 1890 584 1941 3572.
617 1876 754 1923 Dixit
789 1875 846 1922 ad
879 1875 1013 1923 illum
1034 1874 1222 1936 jischak
1260 1887 1390 1940 pater
1421 1873 1561 1934 illius,
1595 1874 1759 1924 accede
1794 1873 1969 1939 quaeso,
2004 1875 2131 1942 quod
2155 1875 2378 1940 significet

363 1941 673 2006 perceptionis
702 1940 852 1989 adhue
887 1941 1110 1988 interioris
1141 1941 1358 2005 gradum,
1392 1941 1567 1991 constat
1601 1957 1660 1990 ex
1697 1941 2025 2007 fignificatione
2063 1942 2215 1998 dicere
2249 1943 2376 2007 quod

361 2009 619 2123 §eziel-{p
653 2006 781 2072 quod
805 2006 859 2055 fit
883 2007 1190 2071 perceptionis
1222 2008 1444 2059 interioris
1482 2007 1653 2074 gradus
1685 2025 1742 2058 ex
1763 2009 2018 2075 praesentia,
2053 2010 2262 2059 accedere
2284 2026 2377 2059 non

363 2114 366 2118 .
415 2091 461 2123 iu
517 2090 544 2122 e

442 2155 585 2205 3573.
621 2140 687 2188 Et
707 2138 904 2187 osculare
928 2155 1003 2188 me
1032 2139 1099 2188 fili
1123 2140 1207 2197 mi,
1242 2139 1371 2204 quod
1398 2138 1625 2204 significet
1646 2155 1762 2187 num
1784 2142 1904 2190 uniri
1937 2145 2088 2206 ponit,
2124 2142 2296 2192 constat
2319 2159 2377 2192 ex

368 2207 699 2272 fignificatione
734 2205 938 2264 osculari,
973 2206 1101 2271 quod
1138 2206 1193 2254 fit
1226 2207 1375 2254 unitio
1406 2208 1456 2255 δι
1479 2204 1743 2270 conjunfflo
1764 2221 1822 2254 ex
1853 2207 2123 2265 affectione3
2158 2209 2376 2258 osculatio

374 2289 483 2338 quae
519 2271 584 2321 est
621 2285 878 2330 externum,
923 2288 1016 2322 non
1056 2272 1179 2320 aliud
1210 2272 1276 2319 est
1308 2287 1447 2338 quam
1473 2270 1808 2337 'conjunctionis
1845 2273 2024 2321 affectio
2060 2291 2170 2338 quae
2206 2276 2270 2323 est
2309 2278 2375 2323 in-

372 2352 591 2395 ternum3
624 2338 980 2403 correspondent
1001 2340 1154 2388 etiarn.
1223 2341 1399 2402 Agitur
1420 2339 1513 2397 hic,
1548 2351 1602 2388 ut
1623 2351 1748 2403 patet
1779 2338 1836 2386 ab
1859 2339 1945 2387 illis
1976 2356 2085 2405 quae
2106 2340 2236 2406 supra
2258 2342 2377 2390 dicia

368 2404 495 2463 sunt,
530 2406 577 2453 in
600 2403 814 2471 supremo
834 2405 958 2453 -sensu
981 2405 1039 2453 de
1061 2404 1406 2455 Glorificatione
1427 2406 1661 2454 Naturalis
1689 2406 1738 2453 in
1760 2406 1988 2463 Domino,
2024 2407 2112 2455 hoc
2142 2407 2222 2467 est,
2256 2425 2373 2474 quo·

373 2472 519 2520 modo
543 2472 775 2522 Dominus
807 2473 854 2520 in
877 2472 934 2520 Se
955 2471 1175 2520 Naturale
1194 2473 1425 2521 Divinum
1458 2470 1602 2529 fecit;
1638 2474 1686 2520 in
1725 2470 1852 2520 sensu
1892 2484 2045 2521 autern
2083 2476 2374 2538 repraesenta-

365 2539 472 2587 tivo
503 2538 956 2604 de'Regeneratione
991 2538 1223 2587 Naturalis
1259 2539 1381 2604 apud
1419 2538 1675 2597 hominem,
1710 2539 1773 2587 ita
1792 2538 1850 2586 de
1872 2537 2205 2603 Conjunc‘tione
2226 2542 2374 2591 Natu·

367 2605 474 2652 ralis
495 2620 603 2652 cum
627 2604 891 2661 Rationali·,
926 2605 1146 2654 Naturale
1179 2606 1304 2654 enim
1341 2621 1436 2654 non
1473 2607 1600 2671 prius
1635 2617 1947 2670 regeneratum
1984 2606 2068 2664 est,
2101 2624 2239 2672 quam
2265 2625 2375 2657 cum

343 2669 670 2734 'conjunctum
693 2670 757 2720 est
780 2670 1042 2728 Rationali·,
1077 2669 1338 2736 conjunffio
1371 2671 1447 2720 illa
1485 2672 1539 2720 fit
1576 2688 1658 2737 per
1695 2673 1922 2720 influxum
1964 2673 2284 2723 immediatum
2324 2678 2375 2724 δε

313 2738 316 2740 ’
370 2738 626 2785 mediatum
651 2738 904 2786 Rationalis
927 2740 973 2786 in
997 2737 1171 2786 bonum
1191 2739 1244 2788 δι
1267 2755 1428 2787 vemm
1451 2738 1699 2796 Naturalis»,
1735 2755 1902 2804 nempe
1927 2755 1952 2803 a
1975 2741 2223 2789 Rationalis
2246 2744 2377 2790 Bono

369 2803 639 2852 immediate
662 2805 708 2851 in
729 2804 959 2854 Naturalis
993 2804 1186 2863 bonurn,
1223 2807 1272 2853 δε
1296 2822 1377 2871 per
1399 2805 1486 2854 hoc
1519 2807 1567 2853 in
1591 2805 1823 2855 Naturalis
1846 2821 2008 2854 verum
2028 2830 2042 2864 ς
2079 2808 2272 2857 mediate
2296 2826 2377 2875 per

374 2869 624 2941 Rationalis
645 2871 822 2919 Verum
846 2873 894 2918 in
914 2872 1145 2920 Naturalis
1179 2887 1345 2920 verum
1383 2874 1434 2922 ὅτ
1472 2872 1580 2920 inde
1618 2873 1663 2921 in
1703 2873 1934 2921 Naturalis
1971 2873 2182 2931 bonum;
2220 2875 2276 2923 de
2307 2877 2375 2923 his

371 2935 769 3003 conjunctionibus
804 2939 990 3003 agitur;
1024 2938 1098 2986 hae
1123 2937 1343 3002 nusquam
1374 2936 1559 2987 existere
1582 2939 1764 3003 possunt
1784 2955 1922 3002 quarn
1955 2957 2034 3005 per
2068 2942 2219 2992 media
2242 2959 2268 2989 a
2288 2944 2374 2990 Di-

376 3001 488 3047 vino
515 3001 708 3064 provisa,
744 3004 794 3051 &
816 3005 1003 3067 quidem
1027 3021 1108 3070 per
1131 3004 1250 3062 talia,
1285 3021 1393 3070 quae
1427 3006 1606 3054 homini
1638 3007 1913 3070 ignotiffima
1945 3006 2064 3064 sunt,
2100 3010 2149 3055 δε
2174 3024 2373 3070 quorum

377 3066 456 3112 vix
476 3066 674 3129 aliquam
697 3068 845 3118 ideam
868 3070 1028 3119 habere
1049 3071 1196 3135 potest
1217 3089 1299 3136 per
1323 3072 1396 3120 illa
1419 3088 1527 3136 quae
1550 3072 1651 3120 sunt
1675 3073 1788 3121 lucis
1813 3073 1992 3128 mundi,
2028 3073 2116 3122 hoc
2153 3074 2233 3131 est,
2268 3090 2374 3136 quae

274 3146 279 3152 ·
375 3131 479 3181 sunt
516 3131 700 3203 luminis
733 3136 944 3184 naturalis
980 3138 1104 3202 apud
1137 3138 1294 3200 illum,
1341 3138 1417 3186 sed
1449 3154 1531 3203 per
1571 3138 1649 3186 illa
1679 3155 1787 3203 quae
1830 3139 1933 3186 sunt
1963 3140 2073 3188 lucis
2111 3141 2235 3196 coeli,
2288 3140 2374 3185 hoc

1378 3204 1574 3254 Bbbz
2293 3204 2373 3261 est,
