2872 3730
551 157 1542 258 ⁰CAPUTerJEsJMtJM
1594 191 2199 281 SECUNDUM.
2298 217 2398 295 ‘29

386 330 603 393 Jehovih,
637 346 743 379 ecce
779 327 1019 394 prophetae
1053 328 1255 375 dicentes
1291 327 1371 384 eis,
1406 342 1500 374 non
1540 324 1762 374 videbitis
1777 326 1996 383 Gladium,
2023 328 2080 374 ὅτ
2112 326 2254 376 fames
2294 343 2390 376 non

384 403 467 447 erit
502 398 685 455 vobis,'’
722 412 844 443 xiv:
876 412 948 444 12.
982 412 1036 459 13
1060 412 1071 442 :
1108 394 1230 458 apud
1253 393 1490 450 Eundem,
1529 398 1563 421 “
1587 393 1716 456 Urbs
1740 392 1938 440 data-est
1961 393 2008 439 in
2033 409 2223 442 manum
2247 395 2384 442 chal-

381 468 590 514 daeorum
629 463 937 527 pugnantium
960 473 1138 511 -contra
1172 460 1316 517 illam,
1367 476 1393 507 a
1432 476 1587 507 coram
1627 460 1800 517 Gladio,
1852 460 1903 507 ὅτ
1934 461 2081 516 Fame,
2131 461 2180 507 &
2212 461 2382 519 Peste?

382 543 554 579 xxxn:
582 548 658 590 24,
688 531 782 593 36:
840 529 962 592 apud
1003 528 1247 586 Eundem,
1305 531 1340 554 “
1379 527 1573 574 Mittam
1621 527 1668 573 in
1713 542 1789 574 eos
1822 526 2041 583 Gladium,
2091 527 2280 583 Famem,
2330 528 2381 575 &

379 597 554 657 qutem,
589 597 729 660 usque
740 596 820 643 ‘ad
861 594 1123 643 consumere
1159 593 1236 642 eos
1253 602 1257 604 “
1275 592 1463 658 desuper
1501 593 1664 650 humo,
1699 609 1839 656 quam
1878 592 1986 640 dedi
2023 593 2085 639 eis
2108 593 2159 639 ὅτ
2182 591 2384 656 patribus

382 665 577 715 eorum''
613 677 802 710 xxxw:
833 680 923 718 103
950 663 1023 709 -in
1062 661 1228 726 quibus
1267 660 1380 708 locis
1401 660 1601 708 Vastatio
1639 659 1903 707 describitur
1941 675 2021 722 per
2043 658 2282 716 Gladium,
2318 657 2383 705 fa-

379 746 522 786 mem,
558 730 610 777 &
631 729 821 793 pestem,
858 745 939 792 per
959 729 1180 777 Gladium
1218 726 1401 775 vastatio
1423 729 1536 785 veri,
1572 742 1655 791 per
1692 725 1864 774 famem
1905 725 2096 772 vastatio
2137 724 2263 782 boni,
2299 741 2381 788 per

376 796 549 861 pestem
585 796 792 860 graflatio
829 794 970 860 usque
1007 795 1065 843 ad
1102 794 1483 844 consumtio'nem.
1555 794 1705 857 Apud
1743 792 2053 849 Ezechielem,
2106 796 2142 820 “
2166 792 2256 839 Fili
2296 792 2380 838 ho-

362 864 530 919 >minis‚
566 865 719 927 accipe
741 862 942 912 Gladium
978 872 1166 919 acutum,
1203 860 1472 910 novaculam
1514 860 1767 916 tonsorum,
1802 861 1991 923 accipias
2030 858 2152 906 illam
2195 859 2296 915 tibi,
2331 858 2381 906 &

376 929 556 979 transire
592 928 726 998 facias
764 929 895 993 super
931 941 1069 992 caput
1113 941 1265 986 tuum,
1313 928 1366 975 &
1403 926 1534 994 super
1567 927 1754 981 barbam
1793 938 1937 983 tuam,
1980 926 2031 973 ὅτ
2069 926 2261 988 accipias
2297 924 2381 971 tibi

377 998 524 1045 lances
547 997 775 1060 ponderis,
811 997 862 1043 &
885 996 1064 1043 dividas
1085 1011 1170 1051 ea,
1207 996 1387 1042 tertiam
1422 1006 1598 1058 partem
1633 995 1739 1057 igne
1779 993 2020 1041 comburas
2059 993 2106 1039 in
2128 991 2282 1039 medio
2304 1007 2381 1038 ur-

378 1064 476 1120 bis·,
511 1065 692 1111 tertiam
732 1074 909 1127 partem
950 1064 1172 1126 percutias
1195 1061 1353 1109 Gladio
1383 1062 1678 1109 circumcirca
1716 1076 1852 1116 eam·,
1895 1060 1946 1107 ὅτ
1986 1060 2165 1107 tertiam
2205 1069 2382 1122 partem

378 1129 606 1193 dispergas
638 1131 687 1177 in
723 1142 935 1187 ventum,
969 1131 1020 1177 ὅτ
1045 1129 1257 1178 Gladium
1293 1129 1508 1175 evacuabo
1523 1127 1618 1189 post
1639 1143 1717 1175 eos.
1747 1132 1750 1135 ’
1787 1128 1898 1175 Pars
1938 1129 2067 1174 tertia
2097 1126 2206 1188 peste
2243 1125 2385 1173 mori-

378 1208 528 1253 entur,
562 1197 613 1243 &
632 1197 757 1257 fame
792 1195 1116 1244 consumentur
1151 1196 1198 1242 in
1239 1194 1411 1251 medio,
1448 1195 1498 1242 ὅτ
1527 1195 1654 1241 tertia
1694 1209 1799 1256 pars
1830 1193 1978 1256 gladio
2017 1193 2137 1240 cadet
2183 1193 2384 1240 circum·

379 1264 516 1320 circa,
550 1262 601 1310 &
641 1263 821 1309 tertiam
856 1273 1033 1327 partem
1073 1262 1120 1309 in
1154 1276 1342 1309 omnem
1383 1274 1576 1308 ventum
1618 1259 1871 1324 dispergam
1888 1294 1904 1317 ,
1954 1260 2006 1307 &
2038 1259 2233 1322 gladium
2277 1275 2383 1307 eva·

378 1330 512 1377 cuabo
526 1329 620 1391 poll
642 1329 757 1386 eos,''
792 1344 855 1377 v:
885 1347 923 1377 1.
953 1345 996 1378 2.
1023 1345 1094 1377 η.
1123 1343 1198 1391 17,
1235 1327 1299 1374 ibi
1322 1326 1380 1374 de
1403 1326 1662 1375 Vastatione
1683 1327 1794 1375 Veri
1824 1325 2052 1383 naturalis,
2089 1341 2195 1389 quae
2219 1327 2279 1373 ita
2303 1325 2382 1372 de-

377 1395 616 1460 scribitur3
655 1395 778 1457 apud
799 1395 1036 1452 Eundem,
1073 1399 1107 1422 “
1132 1394 1314 1442 Gladius
1335 1392 1461 1451 foris,
1506 1395 1557 1442 &
1584 1394 1728 1456 fames
1766 1394 1817 1442 ὅτ
1855 1391 1987 1454 pqlles
2031 1394 2171 1448 intus,
2219 1392 2299 1455 qui
2338 1392 2387 1438 in

379 1477 493 1525 agro
522 1461 671 1524 gladio
714 1463 919 1509 morietur
938 1497 954 1519 ,
1005 1463 1056 1509 ὅτ
1102 1463 1184 1524 qui
1225 1462 1272 1507 in
1316 1461 1459 1517 urbe,
1508 1458 1650 1507 fames
1695 1461 1746 1507 &
1790 1459 1924 1523 pestis
1971 1459 2185 1506 comedet
2225 1457 2388 1513 eum‚'’

373 1530 485 1576 'vuz
511 1546 568 1589 15
590 1546 613 1574 :¹
637 1529 761 1590 apud
783 1528 1020 1582 Eundem,
1054 1532 1092 1554 ‘⁶
1114 1528 1254 1573 Dicas
1274 1527 1421 1572 humo
1441 1525 1624 1581 Israelis,
1661 1526 1722 1573 fic
1744 1526 1864 1572 dixit
1887 1525 2113 1586 Jehovah,
2149 1541 2254 1572 ecce
2276 1524 2388 1586 Ego

378 1594 438 1642 ad
475 1605 538 1650 te,
589 1593 640 1640 &
679 1592 850 1640 educam
888 1591 1091 1640 Gladium
1129 1607 1263 1639 mcum
1300 1607 1322 1638 e
1356 1593 1522 1653 vagina
1550 1591 1654 1653 sua,
1691 1591 1742 1637 &
1763 1590 2021 1638 exscindere
2059 1588 2222 1638 faciam
2253 1605 2311 1637 ex
2342 1602 2389 1636 te

374 1658 554 1725 justum
577 1659 628 1707 &
651 1660 919 1723 improbum
939 1676 951 1706 ε
987 1669 1225 1722 propterea
1246 1669 1300 1705 ut
1322 1657 1576 1705 exscindere
1608 1655 1771 1704 faciam
1794 1672 1851 1704 ex
1874 1668 1919 1704 te
1935 1654 2112 1720 justum
2137 1657 2189 1704 ὅτ
2212 1658 2386 1720 impro-

380 1728 511 1785 bum,
547 1726 651 1774 ideo
674 1727 806 1774 exibit
825 1725 1008 1774 Gladius
1027 1740 1141 1774 meus
1162 1741 1184 1773 e
1204 1727 1370 1788 vagina
1382 1725 1488 1788 sua,
1522 1739 1615 1772 non
1634 1736 1883 1772 revertetur
1903 1723 2115 1787 amplius.
2152 1724 2263 1771 Fuit
2284 1738 2387 1771 ver-

379 1793 496 1842 bum
511 1792 706 1855 Jehovae
726 1793 785 1841 ad
809 1808 902 1851 me,
929 1792 1142 1849 dicendo,
1166 1792 1233 1839 fili
1248 1792 1447 1840 hominis
1469 1790 1692 1855 propheta
1712 1791 1763 1839 ὅτ
1780 1791 1919 1847 dicas,
1945 1790 2005 1838 fic
2026 1791 2144 1838 dixit
2160 1789 2388 1852 Jehovah‚

379 1860 473 1917 dic,
509 1860 707 1917 Gladius,
743 1859 924 1908 Gladius
947 1870 1164 1915 exacutus·‚
1200 1859 1250 1907 ὅτ
1273 1861 1411 1907 etiam
1435 1859 1587 1921 tersus,
1631 1857 1690 1905 ad
1729 1857 2022 1906 mafflndum
2062 1857 2388 1904 maEtationem

382 1937 608 1982 executu53
643 1939 696 1974 ut
736 1926 790 1975 fit
828 1928 869 1974 ei
907 1925 1064 1990 fulgur
1098 1928 1234 1988 tersus
1270 1926 1348 1974 est.
1420 1925 1510 1973 Fili
1549 1925 1767 1983 hominis,
1801 1925 2023 1989 propheta
2059 1924 2110 1971 ὅτ
2152 1923 2292 1979 dicas,
2328 1922 2388 1970 fic

382 1994 501 2051 dixit
537 1995 771 2041 Dominus
810 1994 1012 2055 Jehovih
1051 1994 1108 2041 ad
1147 1994 1267 2041 filios
1290 1993 1561 2050 Ammonis,
1594 1993 1645 2039 ὅτ
1686 1992 1743 2038 ad
1782 1991 2085 2055 opprobrium
2122 2005 2303 2047 eorum,
2338 1989 2391 2037 ὅτ

382 2061 522 2117 dicas,
559 2060 757 2117 Gladius,
793 2060 975 2109 Gladius
1012 2070 1187 2123 apertus
1220 2059 1278 2107 ad
1309 2060 1645 2116 madiationem‚
1680 2059 1731 2106 ὅτ
1754 2058 1892 2106 tersus
1930 2056 1987 2106 ad
2025 2055 2392 2106 consumendum

383 2139 573 2192 propter
610 2125 786 2192 fulgur,
835 2127 884 2175 in
916 2127 1118 2175 videndo
1164 2126 1248 2175 tibi
1287 2129 1494 2184 vanitas,
1547 2128 1595 2173 in
1634 2125 1884 2173 divinando
1923 2123 2007 2173 tibi
2047 2123 2391 2180 mendacium,''

385 2209 501 2242 xx1:
530 2212 573 2258 3.
600 2210 647 2254 4.
674 2211 720 2257 5.
750 2199 793 2244 8.
820 2212 867 2259 9-
901 2212 972 2244 10.
1001 2199 1077 2244 28.
1107 2212 1204 2259 29;
1262 2193 1324 2242 ibi
1376 2210 1456 2258 per
1501 2192 1711 2262 gladium
1766 2192 1879 2240 nihil
1934 2192 2059 2241 aliud
2114 2190 2392 2255 fignificatur

382 2276 523 2323 quam
546 2260 752 2319 vastatio,
787 2273 842 2309 ut
864 2274 986 2325 patet
1016 2278 1040 2309 a
1079 2261 1268 2325 lingulis
1308 2262 1356 2309 in
1394 2260 1516 2308 sensu
1558 2262 1766 2308 interno:
1803 2259 1927 2324 apud
1951 2258 2188 2314 Eundem,
2226 2262 2260 2283 “
2286 2258 2391 2304 Rex

386 2326 564 2373 Babelis
609 2340 754 2375 turres
799 2340 898 2375 tuas
936 2328 1110 2387 destruit
1143 2328 1315 2377 Gladiis
1341 2327 1438 2391 suis
1454 2363 1469 2384 ,
1522 2343 1621 2390 prae
1667 2324 1803 2390 copia
1847 2341 2073 2389 equorum
2125 2324 2300 2388 operiet
2343 2335 2391 2369 te

385 2391 539 2455 pulvis
571 2405 770 2447 eorum,
787 2408 886 2454 prae
919 2409 1034 2439 voce
1068 2395 1233 2455 equitis
1273 2394 1323 2440 ὅτ
1363 2406 1495 2449 rotae,
1532 2394 1582 2440 ὅτ
1605 2409 1781 2448 currus,
1818 2391 2237 2439 commovebuntur
2270 2389 2390 2435 muri

385 2459 470 2514 tui,
520 2456 706 2521 ungulis
744 2464 970 2520 equorum
1012 2455 1196 2503 suorum
1236 2457 1522 2504 conculcabit
1559 2472 1719 2503 omnes
1763 2456 1931 2519 plateas
1976 2455 2126 2511 tuas,”
2162 2469 2317 2501 xxvi:
2344 2471 2390 2518 9.

392 2541 466 2572 ιο.
498 2541 590 2580 113
642 2521 756 2585 quid
799 2521 934 2569 Babel
978 2522 1184 2569 videatur
1230 2539 1292 2571 n:
1325 2523 1466 2585 1326,
1517 2522 1644 2585 quod
1684 2520 1910 2569 vastetn:
1942 2536 2099 2586 1327:
2142 2521 2266 2583 apud
2297 2521 2392 2567 Da-

385 2589 560 2647 videm,
598 2594 634 2617 “
657 2589 704 2636 Si
741 2603 836 2636 non
872 2586 1115 2636 conversus
1150 2586 1302 2646 fuerit,
1339 2591 1460 2636 Deus
1494 2588 1695 2636 Gladium
1718 2589 1848 2650 suum
1883 2600 2030 2644 acuet,
2066 2602 2223 2635 arcum
2257 2586 2391 2634 suum

384 2657 559 2714 tendet,
606 2657 657 2703 ὅτ
704 2654 991 2719 praeparabit·
1017 2653 1201 2711 illum,'’
1249 2653 1566 2702 Psalm:vr1:
1600 2671 1685 2718 13:
1735 2653 1858 2717 apud
1899 2654 2165 2715 Jeremiam,
2203 2657 2236 2680 “
2258 2654 2392 2710 Dixi,

387 2723 527 2771 Ahah
566 2723 795 2779 Domine,
847 2735 960 2769 vere
992 2721 1274 2785 imponendo
1321 2720 1572 2784 imposuisti
1614 2720 1790 2784 populo
1830 2719 1900 2767 isti
1945 2722 1995 2768 ὅτ
2033 2718 2391 2783 Hierosolymae,

388 2789 601 2847 dicendo,
637 2804 727 2853 pax
762 2789 846 2836 erit
878 2787 1026 2845 vobis,
1062 2789 1112 2836 ὅτ
1128 2790 1315 2852 pertigit
1336 2788 1516 2836 Gladius
1539 2789 1662 2852 usque
1684 2787 1745 2834 ad
1764 2788 2000 2844 animam,''
2038 2803 2126 2834 1v:
2158 2804 2232 2836 10.
2268 2786 2392 2851 apud

386 2856 624 2912 Eundem,
676 2860 710 2882 “
735 2855 1018 2902 Annuntiate
1051 2856 1098 2902 in
1119 2856 1350 2918 AEgypto,
1401 2854 1452 2901 ὅτ
1495 2855 1641 2901 audiri
1682 2852 1814 2902 facite
1848 2855 1895 2901 in
1937 2853 2142 2917 Migdal,
2194 2852 2291 2900 {iste
2338 2854 2388 2899 &

363 2938 593 3036 *ἔτερπε
620 2934 686 2978 te,
722 2923 828 2984 quia
866 2920 1102 2968 devorabit
1122 2921 1304 2969 Gladius
1336 2921 1552 2968 circuitus
1588 2921 1742 2977 tu08,’'
1778 2935 1931 2967 xtvsz
1963 2938 2053 2980 14:
2105 2920 2229 2984 apud
2261 2919 2391 2966 Eun·

366 2994 390 3018 7
423 2991 517 3047 e‘m,
553 2988 795 3036 “Gladius
833 2988 963 3051 super
989 2987 1262 3045 Chaldaeos,
1297 2988 1347 3035 ὅτ
1381 2987 1436 3036 ad
1478 2987 1746 3034 habitatores
1771 2985 1964 3042 Babelis,
2001 2988 2050 3034 ὅτ
2073 2986 2129 3032 ad
2154 2983 2392 3049 praefectos

389 3054 501 3118 ejus,
535 3056 586 3104 ὅτ
609 3055 667 3102 ad
688 3054 902 3118 sapientes
933 3051 1073 3118 ejusz'
1092 3054 1272 3109 Gladius
1310 3054 1368 3102 ad
1408 3066 1670 3117 nugatores,
1723 3054 1774 3101 ὅτ
1816 3051 2061 3100 insanient:
2115 3053 2295 3100 Gladius
2334 3051 2391 3098 ad
2469 3084 2475 3091 .

387 3121 527 3169 fortes
562 3119 675 3185 ejus,
709 3122 761 3169 ὅτ
792 3120 1223 3170 consternabuntur:
1258 3120 1440 3169 Gladius
1473 3120 1532 3168 ad
1571 3135 1714 3183 equos
1751 3117 1865 3192 ejus,
1900 3121 1949 3166 ὅτ
1979 3119 2037 3166 ad
2070 3134 2254 3166 currum
2280 3116 2393 3181 ejuS,

385 3188 439 3236 ’ὅτ
474 3187 532 3236 ad
568 3203 755 3240 omnem
789 3186 1096 3256 promiscuam
1136 3187 1319 3237 turbam
1359 3202 1466 3252 quae
1506 3187 1553 3234 in
1594 3186 1750 3235 medio
1788 3202 1901 3249 ejus,
1938 3187 1986 3234 &
2022 3198 2154 3234 erunt
2198 3185 2387 3295 inl-mu-

2262 3264 2398 3297 leres:
