2872 3730
542 231 681 292 5216
1057 190 2026 298 GENESIS.

539 359 1376 491 ...ἕεὲὂῡέὲὲξέἀξυὲζῖῆὲςᾎᾷ
1398 358 2535 491 5533&ssss¹³assga03⁰ffis32÷ssfiasssafzss²

931 463 945 485 2
1681 465 1695 486 ‚
2513 458 2534 467 -

545 491 911 554 praesentaverint
947 495 1206 541 Dominum
1252 493 1403 557 quoad
1437 495 1666 541 Divinum
1712 493 1907 551 coeleste,
1957 493 2193 542 Abraham
2245 495 2295 542 &
2334 495 2536 544 Keturah

547 560 700 620 quoad
730 561 956 607 Divinum
982 560 1235 622 Spirituale,
1270 559 1443 607 constat
1481 576 1538 607 ex
1576 560 1679 617 illis,
1715 576 1821 623 quae
1859 559 2070 608 hactenus
2104 560 2160 607 de
2185 560 2451 608 Abrahamo
2484 563 2533 609 &

547 622 642 686 ejus
666 626 824 673 Uxore
849 626 998 682 Sarah,
1035 625 1154 672 dicta
1186 626 1236 672 &
1276 625 1446 673 ostensa
1479 625 1596 682 sunt,
1642 627 1692 673 &
1731 641 1788 672 ex
1826 625 1911 673 illis
1947 642 2053 690 quae
2096 626 2154 673 de
2177 622 2443 674 Abrahamo
2484 627 2535 675 ὅτ

541 691 777 738 Kethurah
814 692 885 739 hic
926 703 1262 739 memorantur:
1312 689 1385 736 sed
1422 692 1528 752 quia
1559 691 1742 747 dicitur,
1793 692 1919 754 quod
1956 692 2188 740 Abraham
2226 692 2300 740 hic
2340 692 2534 740 alterum

549 755 712 803 statum
752 759 945 805 Domini
985 756 1283 820 repraesentet‚
1318 756 1368 803 ὅτ
1403 756 1531 819 quod
1555 756 1791 803 Abraham
1823 758 1873 805 &
1910 758 2046 805 Sarah
2083 758 2344 806 Dominum
2382 758 2537 822 quoad

546 822 775 870 Divinum
800 822 997 879 coeleste,
1033 834 1077 870 at
1099 821 1334 870 Abraham
1366 822 1416 870 δε
1442 822 1645 870 Keturah
1666 823 1928 871 Dominum
1960 824 2114 887 quoad
2146 825 2374 872 Divinum
2397 824 2538 888 Spiri-

549 889 683 945 tuale,
735 889 966 936 sciendum
1000 888 1114 952 quid
1154 888 1208 935 sit
1243 889 1470 935 Divinum
1507 888 1705 945 coeleste,
1758 889 1808 936 ὅτ
1847 889 1962 952 quid
1997 891 2227 937 Divinum
2262 890 2537 953 Spirituale;

548 954 775 1002 Divinum
801 954 978 1002 coeleste
1016 956 1066 1002 &
1092 954 1320 1002 Divinum
1343 954 1581 1017 Spirituale
1617 954 1659 1002 se
1694 953 1827 1003 habet
1860 954 2100 1019 respective
2132 955 2190 1003 ad
2224 955 2324 1003 illos
2355 956 2436 1020 qui
2470 971 2539 1003 re-

550 1022 728 1083 cipiunt
749 1021 976 1068 Divinum
998 1020 1208 1077 Domini,
1244 1036 1350 1068 nam
1375 1021 1606 1069 Dominus
1639 1033 1819 1085 apparet
1842 1021 2086 1085 unicuique
2116 1021 2261 1085 qualis
2284 1021 2348 1069 est
2368 1023 2451 1086 qui
2473 1037 2543 1069 re·

535 1087 677 1148 cipit,
720 1097 771 1132 ut
810 1085 1006 1132 constare
1043 1085 1193 1148 potest
1230 1086 1287 1132 ab
1325 1085 1411 1132 illis
1445 1102 1551 1148 quae
1584 1102 1651 1134 n:
1684 1091 1820 1148 1838.
1852 1088 1993 1144 1861,
2037 1087 2159 1134 dicta
2190 1087 2307 1144 sunt,
2343 1104 2393 1135 ac
2419 1099 2543 1151 patet

547 1149 781 1198 «manifeste
809 1167 866 1199 ex
895 1167 967 1207 eo,
1003 1150 1131 1214 quod
1154 1151 1387 1198 DOminus
1418 1151 1545 1199 aliter
1575 1163 1784 1214 appareat
1807 1151 2081 1208 coelestibus,
2116 1152 2240 1199 aliter
2269 1169 2380 1200 vero
2416 1153 2542 1216 spiri·

550 1217 779 1273 tualibus·,
835 1216 1095 1263 coelestibus
1135 1217 1260 1263 enim
1308 1229 1490 1280 apparet
1534 1227 1586 1264 ut
1622 1216 1718 1273 Sol,
1765 1215 2065 1280 spiritualibus
2111 1229 2262 1265 autem
2303 1229 2355 1264 ut
2389 1218 2542 1275 Luna,

548 1298 613 1331 n:
642 1301 778 1348 1529.
811 1286 949 1346 1530.
980 1300 1117 1346 1531.
1151 1286 1306 1346 1838·,
1346 1282 1620 1331 Coelestibus
1656 1285 1839 1346 apparet
1861 1283 2093 1331 Dominus
2130 1294 2182 1330 ut
2206 1282 2301 1340 Sol,
2336 1286 2441 1347 quia
2476 1284 2544 1331 illi

549 1349 599 1395 in
622 1365 774 1397 amore
792 1348 967 1397 coelesti
991 1349 1107 1405 sunt,
1143 1348 1230 1396 hoc
1253 1348 1332 1406 est,
1369 1350 1415 1396 in
1439 1365 1592 1397 amore
1625 1349 1671 1396 in
1697 1350 1956 1397 Dominum
1978 1371 1992 1404 ς
2039 1348 2357 1413 Spiritualibus
2388 1352 2543 1397 autem

551 1426 606 1461 ut
628 1415 781 1473 Luna,
816 1417 923 1479 quia
957 1415 1021 1462 illi
1056 1417 1103 1462 in
1126 1430 1278 1463 amore
1301 1415 1515 1479 spirituali
1538 1415 1655 1471 sunt,
1696 1415 1784 1463 hoc
1807 1415 1886 1472 est,
1923 1417 1969 1463 in
2003 1415 2213 1463 charitate
2243 1430 2350 1478 erga
2384 1417 2542 1479 proxi-

552 1497 684 1529 mum
705 1504 719 1538 ;
764 1482 1014 1530 differentia
1034 1480 1114 1539 est,
1136 1482 1281 1545 qualis
1304 1483 1418 1529 inter
1439 1482 1590 1530 lucem
1619 1480 1718 1530 solis
1742 1481 1955 1542 interdiu,
1981 1497 2032 1529 ac
2067 1481 2218 1529 lucem
2241 1481 2363 1529 lunae
2388 1483 2541 1539 11οᾶ11,

550 1560 654 1594 tum
695 1549 838 1611 qualis
878 1550 993 1595 inter
1025 1547 1221 1595 calorem
1256 1547 1503 1612 utriusque,
1541 1563 1599 1595 ex
1620 1563 1717 1610 quo
1739 1548 2117 1611 germinationes;
2157 1548 2257 1595 haec
2297 1547 2399 1594 sunt
2434 1563 2542 1610 quae

546 1612 773 1661 ‘intellecta
795 1614 895 1661 sunt
917 1616 964 1661 in
986 1614 1146 1676 Capite
1167 1614 1327 1662 Primo
1349 1614 1586 1669 Geneseos,
1611 1629 1691 1676 per
1713 1613 1812 1660 haec
1832 1612 1986 1668 verba,
2022 1618 2057 1639 “
2080 1613 2150 1660 Et.
2168 1612 2279 1673 fecit
2304 1613 2422 1660 Deus
2456 1613 2538 1660 duo

552 1680 811 1728 Luminaria
832 1695 1004 1742 magna,
1038 1681 1270 1727 Luminare
1292 1695 1488 1741 magnum
1521 1679 1582 1726 ad
1613 1678 1904 1726 dominandum
1937 1678 2018 1735 die,
2059 1677 2116 1727 δέ’
2138 1679 2372 1727 Luminare
2405 1681 2542 1726 minus

552 1746 614 1793 ad
632 1745 924 1794 dominandum
945 1745 1109 1803 noffless’
1145 1745 1284 1793 Vers:
1311 1746 1367 1794 16
1385 1768 1404 1801 ·,
1441 1744 1504 1792 est
1529 1746 1573 1792 in
1598 1760 1760 1808 genere
1782 1745 1977 1792 Domini
1999 1745 2218 1807 Regnum
2242 1744 2454 1801 Coeleste‚
2490 1746 2541 1793 δε

552 1811 616 1859 est
639 1811 893 1876 Spirituale‚
930 1811 1017 1859 hoc
1047 1810 1128 1868 est,
1167 1810 1363 1859 confistit
1400 1827 1460 1859 ex
1483 1810 1755 1859 Coelestibus
1789 1812 1838 1858 δι
1871 1826 1928 1858 ex
1961 1809 2309 1873 Spiritualibus·,
2349 1811 2398 1857 ὅτ
2436 1810 2543 1873 quia

552 1879 747 1926 Domini
765 1879 994 1926 Divinum
1015 1874 1198 1942 apparet
1221 1876 1494 1926 Coelestibus
1518 1889 1570 1925 ut
1590 1877 1789 1934 coeleste,
1812 1877 1862 1924 &
1886 1874 2200 1939 Spiritualibus
2225 1887 2278 1922 ut
2300 1874 2543 1938 spirituale,

552 1944 657 1992 inde
681 1944 760 2002 est,
796 1945 924 2008 quod
946 1945 1138 2000 dicatur,
1172 1945 1301 2008 quod
1323 1944 1558 1991 Abraham
1594 1945 1643 1991 &
1669 1942 1806 1990 Sarah
1840 1941 2253 2006 repraesentaver-int
2275 1941 2538 2001 Dominum

551 2011 703 2075 quoad
726 2012 953 2058 Divinum
978 2010 1175 2068 coele-ste,
1210 2011 1260 2058 ὅτ
1284 2009 1591 2058 Abraham&
1614 2008 1845 2058 Kethurah
1879 2008 2031 2071 quoad
2055 2008 2281 2059 Divinum
2305 2007 2542 2071 spirituale.

553 2078 643 2125 Sed
666 2078 773 2141 quia
791 2077 872 2124 vix
886 2077 1025 2124 alicui
1049 2090 1213 2137 notum
1237 2076 1316 2133 est,
1341 2076 1453 2139 quid
1477 2074 1687 2132 Coeleste‚
1729 2076 1778 2123 δι
1803 2074 1915 2138 quid
1940 2073 2180 2137 spirituale,
2217 2086 2318 2138 tum
2351 2075 2542 2137 quinam

550 2141 617 2190 illi
659 2142 775 2201 sunt,
815 2143 1052 2191 videantur
1082 2159 1188 2206 quae
1211 2143 1334 2206 prius
1358 2141 1415 2189 de
1452 2142 1539 2190 illis
1578 2141 1698 2189 dieta
1736 2141 1787 2188 ὅτ
1824 2139 1992 2201 ostensa
2029 2139 2145 2197 sunt,
2184 2155 2365 2203 nempe,
2407 2139 2541 2203 Qid

553 2210 732 2257 coeleste
765 2211 815 2258 δε
843 2210 955 2272 quid
989 2207 1227 2271 spirituale,
1264 2225 1324 2256 n:
1351 2225 1490 2273 1¹55·
1532 2222 1671 2273 1577.
1714 2210 1852 2265 1824.
1881 2211 2022 2266 2048.
2051 2210 2193 2266 2184.
2222 2221 2363 2270 2227.
2392 2221 2538 2270 2507.

551 2277 758 2339 Qiinam
783 2274 997 2323 Coelestes
1019 2276 1069 2322 δε
1091 2276 1278 2339 quinam
1303 2273 1563 2338 spiritualeS,
1604 2290 1665 2320 n:
1688 2277 1831 2322 2088.
1866 2273 2008 2340 2669.
2038 2276 2180 2337 2708.
2207 2288 2349 2335 2715.
2396 2271 2546 2331 Quod

548 2342 761 2389 'Coelestis
800 2341 942 2388 homo
975 2341 1027 2388 fit
1059 2340 1308 2388 similitudo
1329 2341 1524 2388 Domini
1547 2340 1597 2387 ὅτ
1619 2355 1677 2387 ex
1701 2355 1854 2388 amore
1875 2338 2050 2386 bonum
2072 2350 2192 2401 agat,
2228 2339 2278 2385 δε
2302 2337 2431 2401 quod
2452 2336 2540 2400 spi-

552 2409 721 2455 ritualis
760 2408 812 2454 fit
856 2408 1010 2470 imago
1044 2408 1239 2455 Domini
1278 2407 1327 2455 ὅτ
1365 2422 1421 2453 ex
1459 2406 1551 2454 fide
1597 2405 1772 2454 bonum
1816 2416 1936 2468 agat,
1987 2422 2048 2452 n:
2084 2422 2166 2467 50..
2189 2405 2267 2466 51.
2294 2420 2372 2466 52.
2401 2404 2539 2466 1013.

552 2475 697 2538 Qiod
722 2472 935 2521 Coelestes
976 2474 1224 2537 percipiant
1257 2489 1313 2520 ex
1349 2472 1471 2522 bono
1503 2487 1685 2530 verum,
1720 2472 1771 2519 &
1794 2471 1921 2535 quod
1955 2470 2174 2533 nusquam
2199 2470 2256 2517 de
2277 2484 2388 2526 vero
2409 2470 2541 2516 ratio-

551 2542 771 2595 cinentur,
809 2557 865 2586 n:
894 2556 1002 2587 202.
1031 2556 1139 2602 337.
1168 2540 1285 2603 607.
1308 2543 1415 2602 895.
1442 2556 1579 2587 1121.
1607 2554 1750 2602 2715.
1821 2536 1967 2599 Qod
2005 2536 2127 2597 apud
2167 2535 2400 2581 hominem
2441 2550 2539 2580 coe-

549 2604 704 2651 -lestem
735 2604 1024 2650 inseminetur
1046 2606 1218 2651 bonum
1244 2606 1290 2650 in
1314 2615 1446 2664 parte>
1463 2601 1559 2665 ejus
1581 2603 1852 2657 voluntaria,
1886 2599 1962 2646 sed
1991 2600 2111 2662 apud
2139 2597 2375 2646 hominem
2413 2598 2540 2661 spiri-

549 2669 718 2718 tualem
744 2672 789 2716 in
812 2681 936 2732 parte
960 2667 1054 2730 ejus
1070 2667 1360 2714 ‘intellectuali
1381 2689 1395 2723 ;
1430 2667 1481 2714 δε
1503 2667 1630 2729 quod
1654 2668 1700 2713 in
1724 2666 1806 2713 hac
1838 2676 1962 2728 parte
1993 2665 2114 2728 apud
2138 2664 2398 2730 Spirituales
2421 2680 2541 2711 nova

550 2736 760 2782 voluntas
798 2746 986 2790 creetur,
1038 2751 1098 2781 n:
1131 2735 1246 2795 863.
1287 2737 1396 2796 875.
1437 2737 1544 2797 895.
1586 2736 1693 2797 897.
1731 2747 2009 2797 9271023.
2041 2748 2179 2794 1043.
2211 2747 2350 2790 1044.
2397 2732 2541 2792 2256.

551 2801 695 2860 Quod
714 2796 948 2847 ‘Coelestes
986 2815 1043 2846 ex
1078 2798 1178 2862 ipso
1216 2799 1337 2846 bono
1373 2797 1556 2844 videant
1594 2797 1844 2854 indefinita,
1880 2796 1954 2844 sed
1974 2797 2102 2860 quod
2125 2796 2400 2860 Spirituales,
2434 2797 2541 2859 quia

549 2868 867 2914 ratiocinantur
905 2881 1018 2911 num
1057 2866 1120 2911 ita
1158 2864 1226 2920 fit,
1271 2881 1363 2911 non
1401 2864 1552 2910 venire
1589 2865 1755 2927 poffint
1790 2863 1849 2910 ad
1889 2863 2094 2926 primum
2132 2863 2380 2910 terminum
2421 2861 2536 2909 lucis

548 2934 748 2989 illorum,
784 2949 844 2979 n:
873 2935 1014 2995 2718.
1086 2930 1231 2993 Qod
1262 2927 1580 2993 Spiritualibus
1619 2929 1674 2976 fit
1711 2928 1952 2977 obscurum
1993 2928 2251 2992 respeffive,
2299 2944 2361 2975 n:
2395 2945 2534 2991 1043.

552 3003 693 3062 2708.
723 3014 862 3062 2715.
933 2996 1078 3060 Qiod
1101 2996 1331 3043 Dominus
1379 2997 1425 3042 in
1465 2995 1695 3043 mundum
1733 2995 1921 3052 venerit,
1965 3006 2019 3042 ut
2051 2994 2236 3042 salvaret
2275 2992 2537 3058 spirituales,

547 3082 607 3113 n:
637 3063 1099 3128 2661.2716.2833,
1125 3065 1267 3125 2834.
1902 3074 1906 3077 ’

619 3147 677 3194 32
686 3131 760 3194 36.
799 3129 944 3193 Qod
967 3127 1198 3176 Abraham
1224 3128 1296 3175 hic
1321 3125 1602 3192 repraesentet
1624 3127 1883 3175 Dominum
1924 3127 2076 3191 quoad
2098 3126 2325 3174 Divinum
2350 3127 2539 3179 Bonum

544 3195 802 3262 ,Spirituale,
839 3198 886 3245 ὅτ
911 3194 1037 3259 quoti
1061 3192 1155 3261 ejus
1180 3194 1344 3243 mulier
1375 3194 1526 3259 quoad
1549 3194 1774 3243 Divinum
1798 3195 1974 3244 Verum
1998 3193 2064 3241 illi
2088 3194 2219 3243 Bono
2252 3190 2538 3305 adjunftsqm,

1601 3286 1604 3292 ·
1994 3283 1998 3286 ·
2344 3274 2430 3309 con
2469 3272 2540 3305 are
