2904 3750
792 203 1151 288 CAPUT
1196 201 1898 269 TRIGESIMUM
2260 205 2399 292 635

494 337 644 399 '40342
679 331 825 381 Vers:
860 349 944 397 43.
981 331 1046 377 Et
1066 330 1097 377 d
1095 329 1239 392 ffudzt
1249 332 1300 394 se
1321 333 1399 380 vir
1419 331 1547 379 valde
1567 330 1711 387 valde,
1748 331 1804 380 ἐξ
1820 340 1916 379 erat
1938 333 1976 379 ei
1989 345 2140 395 greges
2163 331 2305 390 multi,
2342 335 2399 383 ἐξ

420 402 609 457 ancillae,
635 397 850 455 &fir-vi,
885 398 943 447 δέ
964 397 1128 454 cameli,
1163 396 1220 446 ἐξ
1240 397 1361 456 afini.
1434 397 1635 446 Diffudit
1667 396 1711 444 se
1745 399 1818 444 vir
1840 396 1972 444 valde
1993 397 2142 454 valde,
2178 369 2402 461 signi'ficat

424 463 891 530 multiplicationem:
928 465 979 511 &
1001 474 1094 512 erat
1130 463 1174 509 ei
1212 477 1375 525 greges
1399 463 1552 519 multi,
1587 462 1810 526 fignificat
1832 462 1949 509 bona
1972 463 2023 510 &
2057 478 2164 510 vera
2187 463 2401 513 interiora

422 532 562 580 inde:
598 532 649 579 ὅτ
665 530 842 579 ancillae
864 531 915 577 δε
939 528 1077 587 servi,
1112 527 1334 590 fignificat
1357 529 1476 576 bona
1494 530 1544 577 δε
1566 544 1675 576 vera
1708 528 1894 576 media:
1930 529 1979 575 ὅτ
2001 530 2161 578 carneli
2198 531 2249 577 δε
2270 529 2397 587 alini,

428 596 654 660 fignificat
673 611 775 643 vera
793 594 902 642 boni
928 594 1146 651 exteriora
1168 592 1219 642 δε
1241 605 1440 643 externa.

497 679 646 726 4035
685 662 751 709 Et
773 659 978 708 diffudit
982 658 1026 707 se
1063 659 1136 706 vir
1173 659 1302 706 valde
1341 659 1490 717 valde,
1524 659 1649 723 quod
1682 659 1907 724 significet
1946 657 2400 724 multiplicationem,

424 744 596 806 nempe
620 725 729 785 boni
751 726 803 773 δε
824 716 936 782 veri,
972 724 1147 772 constat
1167 741 1192 772 a
1211 725 1538 789 significatione
1560 725 1813 774 diffundere
1837 725 1897 783 se,
1931 726 2057 791 quod
2091 725 2145 774 fit
2175 727 2404 792 multipli-

419 797 538 850 cari,
571 781 732 856 quod'
724 807 769 838 1n
771 791 1080 848 immensum,
1115 791 1391 856 significatur
1405 806 1487 856 per
1508 791 1638 838 valde
1655 791 1803 840 valde.

496 860 645 921 4036.
684 857 750 905 Et
772 870 866 904 erat
888 858 928 904 ei
953 871 1111 926 greges
1135 857 1286 914 multi,
1321 857 1445 922 quod
1468 857 1690 918 fignificet
1706 857 1826 905 bona
1848 858 1899 906 δε
1914 872 2020 906 vera
2050 857 2260 906 interiora
2283 857 2405 915 inde,

424 925 603 973 constat
619 941 647 971 a
671 918 1000 985 significatione
1016 934 1231 986 gregum,
1265 924 1391 1003 quod
1409 923 1492 972 lint
1509 923 1634 983 bona
1650 923 1701 971 ὅτ
1718 939 1842 981 vera,
1877 924 1934 972 de
1953 940 2044 988 qua
2078 940 2139 971 n.
2187 941 2320 989 3433
2353 925 2404 973 &

424 989 585 1055 quod
573 988 798 1057 interiora,
834 1005 896 1035 n:
934 988 1079 1048 2556
1107 993 1199 1050 378
1206 1005 1251 1051 3

501 1069 650 1118 4037.
686 1053 754 1100 Et
769 1053 946 1101 ancillae
962 1055 1013 1101 &
1036 1052 1167 1110 servi,
1186 1053 1312 1118 quod
1332 1054 1556 1119 significet
1576 1054 1698 1104 bona
1714 1056 1765 1104 δε
1786 1071 1892 1103 vera
1915 1054 2083 1110 media,
2103 1055 2190 1103 hoc
2213 1055 2294 1113 est,
2313 1055 2407 1120 ipsa

409 1112 669 1176 naturalia,
703 1119 877 1167 constat
911 1135 969 1167 ex
982 1119 1315 1181 fignificatione
1335 1121 1630 1178 ancillarum,
1635 1122 1762 1186 quod
1786 1118 1875 1169 sint
1896 1120 2160 1169 affectiones
2181 1123 2406 1178 naturalis,

426 1186 628 1253 proinde
645 1186 766 1233 bona
789 1185 872 1243 ibi,
907 1185 966 1233 de
988 1197 1079 1250 qua
1100 1202 1159 1233 n:
1201 1189 1343 1250 1895.
1372 1188 1517 1251 2567.
1545 1192 1692 1250 3835.
1717 1192 1882 1252 3849,
1915 1188 1967 1236 δε
1989 1201 2046 1234 ex
2069 1187 2403 1250 significatione

432 1254 686 1311 servorum,
721 1252 848 1317 quod
863 1251 948 1299 fint
969 1251 1226 1311 scientifica,
1252 1268 1372 1322 quae
1395 1253 1498 1302 sunt
1519 1268 1624 1301 vera
1642 1255 1863 1325 naturalis
1874 1253 2091 1331 hominis,
2125 1254 2184 1329 (10
2215 1269 2329 1318 qua
2343 1270 2405 1302 n:

435 1321 584 1383 2567·
611 1334 757 1382 3019
785 1332 932 1381 3020·
958 1333 1107 1381 3409=

415 1413 417 1416 ·
500 1388 653 1448 4038.
689 1385 753 1433 Et
768 1385 927 1432 cameli
946 1386 997 1433 δε
1019 1383 1144 1441 alini,
1177 1385 1307 1449 quod
1330 1382 1554 1448 significet
1576 1403 1685 1435 vera
1715 1386 1826 1436 boni
1861 1386 2083 1435 exteriora
2113 1387 2164 1435 δε
2208 1398 2408 1444 externa,

422 1452 606 1501 constat
627 1467 684 1498 ex
709 1450 1032 1514 significatione
1054 1452 1353 1522 camelorum,
1385 1453 1516 1516 quod
1539 1454 1625 1502 sint
1648 1453 1889 1502 scientifica
1910 1453 2174 1517 communia
2196 1453 2410 1502 naturalis

429 1516 653 1575 hominis,
687 1517 746 1564 de
774 1533 871 1582 qua
905 1533 973 1564 n:
1010 1519 1158 1580 30148
1186 1520 1332 1594 3071.
1359 1536 1505 1583 3143.
1534 1536 1681 1582 3145,
1724 1518 1965 1567 scientifica
2004 1518 2271 1567 communia
2309 1518 2410 1566 sunt

430 1600 559 1641 vera,
595 1584 706 1635 boni
729 1582 940 1633 inferiora
966 1584 1046 1637 seu
1069 1585 1322 1640 exteriora,
1356 1586 1422 1638 &
1444 1601 1503 1634 ex
1523 1585 1853 1650 fignificatione
1897 1585 2143 1643 asmorum,
2177 1584 2305 1648 quod
2327 1584 2413 1632 fint

432 1666 546 1698 vera
569 1650 679 1698 boni
703 1650 908 1698 naturalis
929 1649 1080 1698 adhuc
1102 1650 1311 1698 inferiora
1333 1651 1408 1698 seu
1431 1664 1631 1708 externa,
1666 1652 1725 1698 de
1746 1668 1837 1716 qua
1862 1668 1922 1699 n.
1958 1657 2050 1717 278
2064 1669 2104 1700 1.
2175 1650 2303 1716 Qid
2326 1651 2411 1699 bo-

428 1733 493 1764 na
510 1717 560 1764 δε
584 1731 691 1762 vera
715 1716 940 1771 interiora,
978 1727 1076 1763 tum
1101 1715 1273 1772 media,
1309 1728 1359 1763 ut
1380 1717 1431 1763 δε
1454 1717 1677 1765 exteriora
1710 1718 1763 1764 &
1795 1730 1990 1772 externa,
2025 1715 2227 1764 constare
2265 1716 2414 1780 potest

427 1783 492 1830 ab
515 1780 604 1829 illis
617 1795 722 1843 quae
755 1796 817 1828 11·
853 1795 1005 1843 4009,
1042 1779 1166 1829 dieca
1187 1779 1305 1829 sunt.
1374 1782 1423 1830 A
1427 1783 1524 1844 pud
1549 1782 1788 1830 hominem
1823 1782 1924 1829 sunt
1947 1782 2094 1828 Tria
2083 1799 2129 1827 in
2155 1783 2413 1839 communi,

429 1861 604 1909 nempe
626 1847 933 1907 Corporeum,
968 1840 1205 1901 Naturale,
1229 1841 1572 1900 &Rationale3
1607 1846 1897 1910 Corporeum
1934 1845 2000 1892 est
2031 1849 2278 1905 extimum,
2315 1849 2414 1896 Na-

435 1910 580 1961 turale
603 1909 667 1957 est
693 1909 915 1968 medium,
950 1909 1191 1971 Rationale
1224 1909 1289 1957 est
1318 1909 1532 1970 interiu33
1567 1915 1792 1975 quantum
1825 1912 1947 1976 apud
1972 1911 2212 1960 hominem
2254 1926 2415 1976 regnat

433 1992 583 2026 unum
606 1991 701 2041 prae
717 1974 874 2034 altero,
909 1987 1089 2025 tanturn
1105 1974 1274 2023 dicitur
1295 1975 1371 2023 vel
1393 1990 1652 2040 corporeus,
1687 1978 1763 2024 vel
1780 1977 2008 2034 naturaliS,
2042 1977 2116 2027 vel
2149 1978 2375 2028 rationalis
2392 2000 2411 2035 ς

440 2043 519 2092 hae
540 2055 628 2090 tres
645 2054 794 2106 partes
809 2041 1011 2090 hominis
1028 2041 1298 2090 mirabiliter
1317 2042 1678 2102 communicant,
1697 2059 1864 2107 nempe
1876 2058 2147 2108 corporeum
2164 2060 2271 2092 curn
2289 2058 2419 2093 natu-

440 2110 542 2167 tali,
555 2109 610 2158 δε
626 2108 825 2157 naturale
842 2124 949 2157 cum
971 2107 1200 2164 rationali,
1218 2107 1372 2157 1101110
1375 2124 1485 2156 cum
1508 2108 1712 2172 primum
1731 2109 1937 2167 nascitur,
1956 2109 2021 2157 est
2038 2125 2160 2157 mere
2177 2126 2418 2176 corporeus

435 2168 516 2224 'sed
541 2174 725 2223 facultas
748 2174 862 2222 inest
884 2187 936 2223 ut
952 2175 1108 2250 perfici
1127 2176 1276 2239 poffit,
1310 2175 1467 2239 postea
1489 2176 1545 2222 fit
1562 2175 1786 2232 naturaIiS,
1822 2175 2009 2223 tandem
2031 2175 2272 2233 rationalis,
2310 2178 2418 2225 inde

428 2241 565 2305 quod
582 2240 939 2302 communicatio
960 2241 1093 2289 unius
1106 2257 1215 2290 cum
1233 2241 1375 2289 altero
1391 2241 1460 2297 fit,
1493 2241 1692 2289 constare
1707 2241 1888 2315 potest3
1922 2256 2191 2306 corporeum
2209 2257 2314 2289 cum
2339 2258 2419 2293 na-

371 2315 406 2352 <
436 2308 572 2356 turali
589 2306 900 2374 00111111υοί031
921 2323 1002 2371 per
1017 2307 1253 2381 sensualia,
1288 2307 1340 2354 δε
1362 2307 1451 2354 hoc
1464 2306 1674 2356 distincte
1697 2323 1780 2372 per
1797 2306 1869 2354 illa
1885 2321 1992 2370 quae
2008 2307 2263 2371 pertinent
2268 2308 2356 2354 ad
2344 2324 2417 2355 111-

438 2367 693 2429 tellectum,
728 2372 778 2420 &
795 2368 904 2437 quae
914 2372 1142 2436 pertinent
1151 2366 1219 2422 ad
1237 2372 1547 2447 voluntatem,
1584 2376 1692 2421 nam
1721 2379 1966 2437 utrumque
1982 2360 2313 2437 perficiendum
2349 2373 2416 2422 est

432 2439 565 2504 apud
583 2437 841 2495 hominem,
876 2451 927 2486 ut
949 2439 1029 2486 fiat
1051 2439 1101 2487 &
1123 2439 1179 2486 fit
1200 2438 1379 2501 homo3
1393 2430 1624 2488 sensualia
1644 2439 1764 2487 visus
1787 2439 1839 2486 &
1861 2438 2076 2486 ‘auditus
2063 2438 2291 2503 imprimis
2314 2439 2418 2488 sunt

433 2516 551 2573 quae
568 2503 812 2578 perficiunt
845 2493 1105 2552 facultatem
1144 2503 1238 2568 ejus
1272 2503 1646 2562 intellectualem,
1680 2505 1764 2554 tria
1788 2505 1958 2569 reliqua
1981 2504 2190 2553 sensualia
2214 2505 2417 2568 spec‘tant

442 2570 696 2644 imprirnis
692 2566 1007 2618 voluntatem:
1042 2582 1313 2636 corporeum
1331 2565 1534 2620 hominis
1554 2587 1635 2635 per
1656 2570 1868 2619 sensualia
1886 2571 1959 2619 illa
1975 2571 2285 2619 communicat
2307 2587 2416 2620 cum

440 2635 633 2684 naturali
657 2633 767 2700 eju3‚
801 2636 927 2701 quod
967 2637 1032 2685 est
1062 2653 1165 2701 pars
1190 2636 1355 2694 media,
1394 2650 1447 2686 ut
1468 2636 1687 2693 (11·ἂο111,
1720 2653 1828 2702 quae
1860 2638 1985 2685 enim
2021 2637 2186 2686 intrant
2208 2653 2289 2700 per
2321 2638 2417 2686 sen-

437 2702 591 2757 sualia,
625 2701 669 2749 se
693 2714 920 2775 reponunt
943 2701 990 2750 in
1013 2703 1200 2751 naturali
1221 2703 1364 2752 ficut
1351 2719 1397 2750 in
1415 2697 1618 2768 quodam
1636 2703 1941 2767 receptaculo,
1977 2702 2065 2750 hoc
2085 2702 2417 2765 receptaculum

438 2768 510 2815 est
534 2768 799 2823 Memoria;
823 2766 1080 2837 jucundum
1103 2769 1185 2826 ibi,
1220 2769 1410 2834 volupe,
1449 2770 1499 2816 δῖ’
1522 2769 1764 2832 cupidum,
1784 2768 2016 2833 pertinent
2033 2769 2091 2816 ad
2114 2769 2415 2825 voluntatem,

435 2831 496 2880 &
518 2846 735 2880 vocantur
758 2835 876 2882 bona
899 2836 1132 2892 naturalia,
1167 2846 1215 2883 at
1231 2835 1474 2884 scientifica
1504 2836 1567 2883 ibi
1587 2835 1644 2882 ad
1664 2834 1964 2891 intellectum,
1999 2834 2050 2882 &
2073 2847 2292 2882 vocantur
2313 2850 2419 2884 vera

426 2898 689 2946 naturalia:
725 2899 946 2949 Naturale
968 2902 1169 2950 hominis
1190 2917 1272 2976 per
1292 2901 1413 2960 haec,
1447 2917 1554 2964 quae
1571 2916 1690 2949 nunc
1705 2900 1827 2948 dicta
1846 2901 1963 2956 sunt,
1980 2901 2287 2948 communicat
2310 2916 2418 2948 cum

441 2963 678 3012 Rationali
699 2964 810 3027 ejus,
844 2967 972 3030 quod
995 2967 1059 3014 cst
1075 2983 1177 3031 pars
1200 2968 1402 3023 interior,
1428 2979 1481 3014 ut
1503 2966 1716 3022 distum3
1750 2982 1855 3030 quae
1880 2966 1922 3013 se
1945 2965 2121 3015 elevant
2144 2965 2248 3013 inde
2267 2966 2419 3013 versus
2442 3017 2445 3020 Δ

442 3029 684 3085 3311011310,
719 3044 772 3077 03
789 3029 831 3077 se
848 3044 1072 3095 reponunt
1094 3033 1140 3080 in
1165 3033 1370 3082 rationali
1394 3033 1533 3080 etiam
1553 3032 1710 3079 sicut
1699 3048 1746 3079 in
1780 3031 1979 3094 quodam
2004 3032 2298 3094 receptaculo,
2334 3031 2421 3078 hoc

444 3094 792 3162 receptaculum
826 3093 891 3146 est
919 3091 1155 3170 Memoria
1188 3098 1392 3159 interior,
1428 3097 1491 3209 die⁴
1514 3111 1607 3208 10113
1630 3113 1693 3145 n:
1731 3098 1877 3161 2469.
1909 3109 2052 3160 2470.
2091 3111 2233 3161 2471.
2272 3111 2418 3157 2472.

414 3189 418 3192 ·
1641 3175 1668 3210 2
2299 3177 2424 3226 2473
