2904 3750
611 236 952 302 CAPUT
997 228 1569 332 v1GE31MUM
1617 228 2153 303 SEPTIMUM.
2255 235 2391 325 387

451 375 598 435 3588.
634 373 700 420 Et
722 371 842 421 Esau
877 371 1022 420 frater
1046 367 1145 432 ejus
1173 369 1300 416 venit
1330 384 1356 416 e
1386 367 1627 418 venatione
1658 365 1751 424 flia,
1785 367 1914 430 quod
1935 366 2158 430 significet
2180 367 2288 416 boni
2311 385 2392 418 ve-

375 450 481 486 rum
520 440 572 486 &
608 436 704 500 ejus
742 440 1015 494 adventum,
1048 434 1222 483 constat
1259 449 1317 481 ex
1351 433 1742 496 repraesentatione
1764 432 1916 489 Esavi‚
1951 435 2081 496 quod
2118 434 2172 482 fit
2214 434 2391 484 bonum

373 503 626 561 Naturalis,
663 505 720 552 de
754 521 845 568 qua
882 502 1047 567 supra3
1082 517 1139 548 ex
1168 499 1498 563 significatione
1520 500 1692 558 venire,
1727 500 1854 563 quod
1883 499 1938 547 sit
1970 500 2222 556 adventus3
2257 502 2307 549 δι
2331 517 2390 549 ex

374 570 702 634 significatione
732 570 1016 645 venationis&
1037 566 1167 632 quod
1189 567 1244 643 fit
1265 582 1428 614 verum
1463 567 1591 643 quod
1615 582 1671 614 ex
1694 566 1833 643 pono,
1868 566 1927 614 de
1949 581 2040 629 qua
2063 583 2091 613 n
2113 584 2296 642 {3501-

372 641 590 750 «1.ἑέῗέ
623 636 692 750 ἕξ
714 632 2388 764 {5533ssssss¹3>3²z¹ssid¹fi⁵at⁸125513⁰{ssnffiffzff‘ssgssfflzdfflssffiff55325533

370 783 497 826 rum,
547 768 674 832 quod
714 768 800 816 sint
831 766 1036 831 jucunda
1065 783 1175 832 quae
1208 768 1321 816 boni
1352 769 1404 816 ὅτ
1443 782 1622 815 amaena
1660 782 1769 831 quae
1799 768 1912 823 veri,
1949 766 2006 813 de
2035 781 2126 828 qua
2148 782 2209 816 n:
2238 782 2385 829 3502.

374 835 506 898 3536
525 856 540 891 3
568 832 776 898 jucunda
797 851 906 900 quae
927 835 1036 882 boni
1067 834 1171 882 sunt
1204 834 1528 891 desiderabilia,
1564 835 1615 881 δε
1639 848 1817 880 amaena
1840 848 1948 897 quae
1970 834 2068 879 veri
2091 832 2388 889 delcetabilia,

369 916 478 949 nam
501 901 679 949 affeffio
703 902 810 953 boni
833 901 900 950 est
917 918 1025 966 quae
1049 901 1284 960 desiderat,
1319 903 1368 950 &
1394 914 1506 948 tunc
1529 899 1710 948 affefflo
1731 900 1827 947 veri
1849 915 1957 964 quae
1978 897 2182 946 delestat.

438 984 584 1033 3590.
621 968 687 1016 Et
722 969 842 1016 dixit
874 969 990 1033 patri
1024 966 1122 1024 suo,
1157 967 1310 1032 surgat
1346 971 1650 1032 pater‘meUS,
1685 966 1737 1014 ὅτ,
1757 965 1863 1014 edat
1885 981 1910 1013 e
1932 965 2171 1019 venatione
2191 965 2274 1012 filii
2299 963 2386 1022 sui,

369 1035 499 1097 quod
539 1033 763 1097 significet
794 1047 848 1082 ut
879 1036 1188 1100 appropriaret
1220 1035 1301 1082 fibi
1332 1034 1441 1083 boni
1469 1033 1678 1082 naturalis
1699 1048 1883 1090 verum,
1918 1030 2090 1080 constat
2125 1047 2183 1078 ex
2218 1047 2385 1095 reprae-

367 1099 612 1148 sentatione
649 1101 883 1163 Jischaki,
923 1103 1005 1166 qui
1041 1101 1116 1149 hic
1140 1100 1217 1149 -est
1251 1114 1394 1167 pater,
1429 1100 1558 1164 quod
1594 1099 1649 1147 fit
1681 1099 1931 1146 Rationalis
1971 1098 2165 1155 bonurn,
2198 1098 2258 1144 de
2291 1113 2385 1160 qua

371 1165 537 1230 fizpius
557 1169 716 1230 prius;
751 1183 808 1215 ex
830 1168 1156 1231 significatione
1177 1167 1326 1225 edere,
1361 1167 1491 1232 quod
1526 1166 1579 1213 fit
1613 1167 1919 1230 appropriare,
1953 1165 2011 1212 de
2033 1179 2123 1228 qua
2146 1180 2207 1212 n:
2234 1169 2385 1228 2187.

286 1267 297 1277 .
373 1248 518 1296 2343.
541 1233 682 1296 3168.
704 1250 828 1298 3513
856 1233 882 1280 f
894 1256 909 1289 ;
945 1235 996 1281 &
1025 1249 1083 1281 ex
1121 1233 1446 1298 significatione
1469 1233 1735 1289 venationis,
1769 1232 1899 1296 quod
1933 1231 1988 1279 sit
2023 1229 2132 1278 boni
2169 1231 2386 1278 naturalis

369 1314 550 1356 verum,
587 1298 644 1346 de
667 1315 757 1365 qua
779 1315 891 1348 mox
914 1298 1044 1364 supra
1066 1317 1128 1348 n:
1158 1304 1302 1364 3588.

441 1382 586 1430 3591.
622 1366 866 1430 Propterea
906 1378 957 1413 ut
994 1367 1226 1414 benedicat
1257 1367 1371 1415 mihi
1400 1365 1552 1415 anima
1586 1376 1680 1423 tua,
1713 1364 1844 1430 quod
1868 1363 2092 1428 significet
2113 1374 2169 1411 ut
2189 1362 2380 1427 conjun·

370 1444 513 1493 geret,
550 1431 722 1479 constat
755 1449 780 1480 a
819 1433 1143 1497 significatione
1179 1432 1406 1492 benedici,
1439 1432 1569 1498 quod
1608 1432 1664 1481 sit
1695 1430 1976 1497 conjunfiio,
2018 1433 2076 1479 de
2114 1446 2206 1494 qua
2243 1431 2380 1478 etiam

369 1497 502 1561 supra
525 1514 587 1569 n:
616 1515 760 1576 3504:
784 1516 1093 1577 35143530.
1114 1500 1258 1564 3565.
1280 1506 1427 1573 3584.
1487 1565 1499 1576 .
1767 1566 1776 1578 .
1814 1565 1825 1576 ·
2068 1563 2079 1574 ⁸
2343 1563 2355 1573 ·

440 1581 585 1629 3592.
621 1565 688 1613 Et
710 1565 827 1613 dunt
850 1583 890 1613 01
905 1564 1091 1628 Jsschak
1114 1578 1241 1629 pater
1268 1582 1384 1629 ejus,
1419 1581 1524 1629 quis
1549 1577 1619 1622 tu,
1655 1565 1706 1613 &
1731 1564 1866 1622 dunt,
1901 1580 1994 1627 ego
2015 1563 2138 1611 filius
2158 1574 2263 1610 tuus
2286 1578 2382 1626 pn-

370 1631 631 1693 mogenitus
654 1642 758 1678 tuus
781 1630 919 1688 Esau,
956 1631 1084 1694 quod
1107 1631 1331 1695 significet
1353 1632 1520 1679 statum
1542 1631 1846 1695 perceptionis
1880 1630 1938 1677 de
1972 1630 2096 1677 bono
2118 1629 2303 1676 naturali
2328 1629 2380 1676 &

369 1709 482 1744 vero
502 1696 624 1754 inde,
659 1696 832 1744 constat
863 1713 926 1744 ex=
960 1697 1046 1744 illis
1084 1712 1194 1760 quae
1226 1695 1359 1761 supra
1388 1713 1451 1747 n:
1478 1702 1623 1761 3548.
1644 1714 1787 1761 3549.
1810 1712 1959 1761 3550,
1993 1694 2212 1744 advers:
2247 1700 2302 1744 18
2328 1694 2380 1742 δε

371 1778 453 1827 -19,
489 1761 609 1810 dieta
632 1761 750 1820 sunt,
786 1763 861 1810 ubi
885 1763 1047 1811 similia
1066 1762 1217 1811 verba.

439 1845 583 1894 3593.
618 1829 684 1877 Et
708 1830 882 1878 horruit
904 1829 1089 1892 jischak
1114 1829 1298 1878 horrore
1334 1846 1509 1895 magno
1526 1829 1668 1895 usque
1690 1828 1842 1887 valde,
1877 1823 2008 1892 quod
2030 1826 2253 1893 significet
2272 1826 2381 1876 alte-

368 1895 588 1941 rationem
627 1910 842 1958 magnam
877 1897 995 1943 circa
1024 1894 1160 1943 status
1182 1896 1507 1955 inversionem,
1543 1896 1717 1946 constat
1738 1909 1796 1944 ex
1818 1895 2143 1957 significatione
2165 1895 2381 1952 horroris,

368 1959 497 2022 quod
522 1959 576 2007 fit
597 1960 796 2008 alteratio
818 1983 832 2015 3
862 1957 989 2023 quod
1025 1961 1079 2008 fit
1110 1961 1229 2027 circa
1259 1961 1398 2012 status
1428 1964 1752 2021 inversionem,
1787 1974 1910 2027 patet
1931 1961 1988 2009 ab
2011 1961 2097 2009 illis
2121 1977 2227 2025 quae
2250 1961 2385 2025 supra

369 2025 492 2073 ‘dieta
513 2024 615 2073 sunt
645 2026 702 2074 de
736 2026 844 2074 bino
874 2026 988 2074 statu
1017 2025 1214 2076 hominis
1248 2032 1330 2093 qui
1363 2035 1668 2093 regeneratur,
1703 2030 1762 2080 de
1786 2029 1901 2077 statu
1927 2039 2171 2091 antequam
2194 2043 2379 2091 regene-

370 2103 495 2139 ratus
526 2091 608 2149 est,
642 2094 692 2140 &
724 2092 783 2139 de
821 2092 933 2140 statu
967 2091 1210 2157 postquam
1247 2106 1534 2158 regeneratus
1566 2094 1663 2150 est;
1697 2095 1826 2158 quod
1859 2111 2026 2158 nempe
2049 2096 2097 2141 in
2118 2093 2233 2141 statu
2256 2106 2379 2141 ante-

370 2173 510 2220 quam
543 2171 827 2222 regeneratus
859 2158 939 2215 est,
975 2173 1079 2206 vera
1109 2172 1376 2224 apparenter
1406 2161 1717 2216 dominentur,
1752 2173 1799 2207 at
1826 2161 1875 2207 in
1900 2160 2014 2208 statu
2042 2159 2284 2225 postquam
2308 2176 2376 2207 re-

370 2236 606 2286 generatus
624 2224 705 2282 est,
741 2241 845 2272 vera
877 2225 1038 2272 cedant
1059 2225 1110 2273 &
1131 2225 1308 2275 bonurn
1333 2226 1518 2290 recipiat
1549 2225 1831 2283 dominium,
1866 2225 1924 2273 de
1945 2225 2115 2289 quibus
2137 2226 2378 2274 videantur

369 2305 477 2352 quae
494 2289 797 2355 prius-saepius
815 2289 983 2338 ostensa
996 2290 1115 2348 sunt,
1150 2310 1182 2343 n
1202 2312 1213 2342 :
1248 2308 1387 2358 1904.
1409 2292 1552 2356 2063.
1574 2296 1716 2356 2189.
1738 2291 1882 2356 2697.
1903 2307 2049 2356 2979·
2072 2293 2214 2355 3286.
2228 2296 2374 2354 3288.

327 2419 343 2427 f
370 2353 547 2420 3310f·
567 2372 710 2420 3325·
731 2373 874 2421 3330·
896 2374 1037 2422 3332·
1060 2359 1203 2424 3336·
1221 2374 1367 2424 3470·
1385 2375 1530 2424 3509·
1554 2374 1698 2423 3539·
1721 2362 1866 2423 3548·
1888 2358 2032 2421 3556·
2060 2358 2204 2422 3563·
2228 2373 2374 2421 3570-

373 2421 689 2553 35ΞΞ9Ξ571Ξ(
723 2489 856 2546 dixit,
892 2488 994 2552 quis
1026 2490 1171 2555 igitur
1203 2489 1278 2539 ine
1301 2491 1381 2555 qui
1402 2501 1591 2538 venatus
1613 2489 1902 2538 venationem
1938 2489 1989 2537 δε
2017 2488 2210 2536 adduxit
2242 2488 2375 2547 mihi,

368 2554 499 2617 quod
532 2554 756 2618 significet
794 2555 1132 2619 inquisitionem
1165 2556 1222 2604 de
1245 2557 1324 2605 illo
1347 2571 1474 2613 vero,
1510 2555 1681 2606 constat
1703 2572 1762 2604 ex
1784 2554 2168 2619 repraesentatione
2189 2555 2374 2616 Jacobi,

321 2633 324 2637 ·
368 2620 428 2667 de
449 2636 546 2684 quo
568 2622 641 2667 hic
665 2621 848 2678 dicitur,
883 2625 984 2685 quis
1007 2625 1101 2682 ille,
1137 2623 1266 2688 quod
1298 2623 1352 2671 sit
1373 2623 1571 2671 naturale
1601 2622 1756 2687 quoad
1783 2637 1965 2678 verum,
2001 2622 2183 2685 (10003
2206 2620 2334 2685 supra
2355 2644 2375 2677 ·,

369 2686 420 2733 &
457 2702 515 2734 ex
547 2685 868 2750 fignificatione
898 2692 1170 2748 venationis,
1204 2690 1333 2754 quod
1367 2689 1422 2737 fit
1443 2703 1605 2739 verum
1640 2705 1700 2738 ex
1730 2688 1871 2746 bono,
1907 2687 1966 2736 de
1987 2703 2081 2752 qua
2112 2704 2176 2735 n:
2204 2704 2326 2751 3501
2354 2710 2372 2744 ·,

371 2751 444 2799 hic
466 2753 691 2815 inquisitio
724 2755 781 2801 de
806 2771 915 2805 vero
939 2758 1036 2816 isle,
1074 2773 1186 2804 num
1218 2772 1275 2804 ex
1296 2756 1434 2806 bono.

441 2835 583 2884 3595.
621 2820 684 2867 Et
704 2821 777 2870 edi
805 2823 862 2870 ab
891 2825 1023 2871 omni
1055 2836 1294 2887 antequam
1318 2822 1497 2880 venisti,
1532 2822 1662 2888 quod
1690 2821 1915 2887 significet
1947 2821 2076 2886 quod
2108 2820 2369 2885 appropria-

371 2893 492 2940 tum,
534 2885 703 3001 congat
735 2905 761 2937 a
795 2890 1120 3002 sigtpficatiom
1155 2890 1304 2948 edere,
1338 2889 1467 2956 quod
1503 2889 1556 2938 sit
1588 2890 1885 2955 appropriari,
1919 2888 1978 2937 de
2011 2904 2101 2952 qua
2134 2905 2165 2935 n
2193 2906 2201 2934 :
2225 2891 2366 2951 2187.

375 2964 401 2997 2
439 2966 471 3010 4
507 2985 517 2996 ·
589 2971 606 3002 1
650 2960 691 3004 8.
804 2975 820 3003 1
901 2993 911 3004 .

374 3078 386 3088 ,
408 2966 584 3083 33Ξ963.
620 3021 687 3068 Et
723 2974 932 3083 gnegixi
969 3024 1028 3079 ei,
1062 3023 1198 3071 etiam
1235 3021 1496 3071 benedietus
1536 3022 1636 3080 erit,
1673 3022 1801 3087 quod
1834 3021 2058 3085 significet
2091 3020 2221 3083 quod
2258 3034 2366 3066 con-

365 3084 601 3148 Junftum,
625 3087 796 3134 constat
818 3105 842 3134 a
859 3087 1186 3152 significatione
1209 3088 1429 3146 benedici,
1454 3089 1581 3154 quod
1605 3089 1659 3137 fit
1677 3087 1918 3154 conjungi,
1953 3087 2010 3134 de
2031 3102 2121 3150 qua
2143 3103 2203 3133 n:
2221 3101 2366 3148 3504.

297 3207 300 3210 Δ
370 3165 522 3213 3514.
563 3166 704 3212 3530.
733 3154 874 3215 3565.
907 3160 1063 3217 3584:
1118 3155 1360 3218 quomodo
1395 3154 1439 3203 se
1473 3155 1609 3204 habet
1640 3171 1750 3203 curn
1785 3154 2144 3218 appropriatione
2176 3154 2225 3198 ὅτ
2256 3165 2365 3195 con·

273 3283 279 3286 .
321 3256 325 3261 .
369 3214 604 3280 june‘tione
626 3215 734 3263 Veri
768 3233 850 3281 per
872 3219 1107 3279 jacobum·
1132 3220 1448 3285 repraesentati,
1485 3221 1684 3271 constare
1719 3220 1865 3285 potest
1898 3220 1955 3269 ab
1988 3219 2074 3266 illis
2103 3234 2207 3281 quae
2242 3216 2369 3327 piriz?

697 3304 704 3313 ¹
1370 3287 1410 3333 C
1428 3301 1451 3334 c
1476 3301 1501 3333 c
1538 3303 1564 3337 2
2344 3294 2372 3327 ἃ
