2904 3750
527 202 661 266 304
1033 174 2021 282 GENESI.S5

518 299 688 356 rint‘ad
710 305 970 356 faciendum
998 307 1200 357 malum:
1238 306 1365 371 quod
1400 309 1687 372 peccaverint
1707 323 1787 373 per
1810 324 2004 357 errorem
2031 308 2088 356 de
2110 307 2265 359 sanctis
2288 310 2509 373 Jehovae:

517 376 644 437 quod
685 373 872 422 fecerint
911 389 1056 421 unum
1095 375 1153 421 de
1189 375 1427 437 praeceptis
1467 390 1573 438 quae
1612 382 1704 423 non
1745 375 1840 423 fieri
1872 375 2070 423 debent:
2102 376 2228 440 quod
2255 381 2517 440 negaverint

518 443 733 506 proximo
772 441 903 488 suum
934 440 1222 504 depolitum:
1259 440 1387 503 quod
1423 441 1675 489 invenerint
1711 442 1935 499 amissum,
1971 444 2021 494 &
2043 444 2305 505 negaverint
2338 442 2515 505 jurave·

520 508 698 571 sintque
733 509 780 553 in
820 507 1082 554 mendacio:
1126 506 1254 568 quod
1284 506 1522 554 cubuerint
1550 523 1658 555 cum
1685 508 1882 555 «muliere
1919 524 2026 571 quae
2070 509 2227 556 ancilla
2266 511 2518 573 mancipata

519 575 638 630 viro,
676 588 767 620 non
793 573 1010 627 redemta,
1036 587 1116 618 nec
1141 574 1431 620 manumiffa:
1467 574 1593 637 quod
1611 573 1804 622 *fecerint
1827 575 1884 621 de
1908 574 2121 622 omnibus
2146 576 2339 639 peccatis
2363 587 2517 624 contra

520 639 771 695 hominem,
807 638 1146 702 praevaricando
1171 640 1585 701 praevaricationem
1610 653 1765 704 contra
1781 640 2022 702 jehovam.
2502 655 2504 657 ·

591 722 733 768 3401.
754 705 834 752 'Et
868 706 1089 768 praecepit
1113 704 1386 751 Abimelech
1408 707 1538 752 omni
1567 706 1743 770 populo
1766 707 1978 764 dicendo,
2015 707 2142 770 quod
2177 708 2399 771 significet
2437 710 2516 758 de-

522 785 714 827 cretum,
750 770 922 818 constat
958 785 1014 816 ex
1050 769 1371 833 significatione
1408 769 1668 835 praecipere,
1702 773 1827 836 quod
1870 773 1923 820 fit
1962 773 2192 820 decretum
2232 773 2408 832 facere;
2460 784 2515 824 ex

522 837 906 901 repraesentatione
938 836 1241 892 Abimelechi,
1286 837 1414 900 quod
1460 838 1544 884 fint
1590 838 1654 885 illi
1700 841 1779 901 qui
1826 840 1873 885 in
1917 839 2118 886 doctrina
2161 840 2284 898 fidei,
2329 841 2386 889 de
2426 853 2515 905 qua

522 921 581 952 n:
611 921 772 968 33923
808 904 856 950 &
889 904 935 949 in
966 901 1178 964 supremo
1217 902 1338 950 sensu
1361 905 1608 960 Domi-nus,
1629 922 1706 960 ‚nt
1735 923 1759 970 3
1767 921 1896 969 3933
1933 906 1979 952 δε
2004 921 2061 951 ex
2088 905 2409 969 significatione
2428 925 2512 972 po-

522 970 637 1039 puli,
685 968 813 1032 quod
852 967 936 1015 s1nt
975 968 1040 1015 illi
1076 970 1156 1032 qui
1195 969 1250 1016 ab
1285 969 1484 1017 Ecclesia
1513 971 1743 1033 spirituali,
1779 971 1837 1018 de
1858 986 1948 1034 qua
1970 987 2032 1018 n:
2061 976 2206 1037 3398,
2243 972 2346 1020 inde
2369 984 2509 1037 patet,
2543 991 2545 993 ·

520 1035 648 1098 quod
682 1036 900 1097 praecepit
921 1034 1213 1093 -Abimelech
1236 1037 1364 1082 omni
1404 1035 1600 1099 populo,
1636 1036 1858 1100 significet
1882 1036 2126 1084 decretum
2161 1054 2186 1085 a
2220 1039 2424 1087 Domino
2463 1042 2517 1087 in·

521 1100 720 1149 E'cclefia
748 1099 960 1163 spirituali
981 1122 995 1155 3
1031 1101 1178 1162 ipsum
1202 1100 1434 1148 decretum
1459 1102 1522 1148 est
1543 1097 1669 1164 c'1uod
1693 1102 1906 1166 sequitur,
1943 1118 2106 1166 nempe
2134 1104 2260 1167 quod
2283 1105 2516 1157 Divinum
2556 1119 2558 1121 ·

522 1167 697 1214 Verum
731 1167 780 1212 δι
808 1166 1031 1212 Divinum
1056 1167 1237 1212 Bonum
1277 1182 1368 1212 non
1401 1168 1711 1230 aperiendum,
1747 1171 1797 1214 ὅτ
1834 1167 1973 1230 usque
2012 1169 2069 1214 ad
2109 1169 2350 1216 illud‘non
2387 1187 2512 1218 acce-

523 1234 726 1281 dendum
751 1231 858 1287 fide,
893 1246 950 1278 ex
973 1231 1174 1294 periculo
1209 1231 1527 1299 damnationis·
1546 1232 1734 1280 'aeternae
1766 1233 1800 1280 fi
1822 1233 2161 1296 prophanetur;
2198 1234 2255 1280 de
2276 1250 2370 1298 quo
2393 1238 2513 1299 nunc

522 1298 732 1363 sequitur.
2087 1333 2089 1335 ·
2460 1308 2468 1314 '
2515 1309 2520 1315 '

595 1382 736 1429 3402.
774 1364 922 1427 Qod
954 1376 1142 1427 tangens
1167 1366 1321 1412 virum
1360 1364 1492 1413 illum
1522 1365 1572 1412 δε
1605 1366 1840 1413 mulierem
1871 1364 1984 1430 ejus,
2022 1366 2258 1415 moriendo
2280 1369 2521 1426 morietur,-'

521 1432 742 1495 fignificet
780 1431 921 1494 quod.
944 1432 1170 1478 Divinum
1197 1432 1370 1478 Verum
1406 1432 1456 1479 &
1497 1432 1720 1479 Divinum
1756 1433 1939 1480 Bonum
1976 1449 2068 1481 non
2105 1434 2415 1496 aperiendum,
2462 1438 2522 1484 δὲ·

522 1499 661 1562 usque
684 1498 741 1545 ad
766 1495 878 1544 illud
904 1512 999 1544 non*
1015 1497 1322 1545 accedendum
1347 1497 1455 1555 fide,
1490 1514 1549 1546 ex
1571 1497 1772 1562 periculo
1807 1498 2106 1547 damnationis
2146 1511 2327 1548 aeternae
2351 1501 2384 1547 s1
2407 1508 2519 1566 pro-

522 1564 756 1627 phanetur,
793 1562 964 1610 constat
1003 1578 1061 1610 ex
1093 1563 1415 1627 significatione
1453 1576 1636 1628 tangere
1673 1565 1826 1611 virum
1865 1566 1997 1612 illum
2037 1566 2088 1613 δε
2124 1565 2362 1615 mulierem
2400 1565 2522 1631 ejuS,

522 1630 648 1694 quod
685 1630 739 1676 fit
775 1629 982 1676 accedere
1020 1629 1077 1675 ad
1111 1630 1338 1677 Divinum
1361 1630 1886 1677 Verum·&-Divinum
1910 1632 2109 1686 Bonum,
2144 1647 2250 1693 quae
2273 1633 2517 1695 repraesen-·

522 1708 672 1743 tantur
694 1711 774 1758 per
796 1694 1061 1755 Jischakum
1086 1695 1135 1740 δε
1156 1695 1413 1742 Rebeccam
1433 1717 1447 1749 ;
1483 1710 1645 1742 verum
1670 1695 1742 1741 hic
1766 1696 1918 1757 primo
1934 1696 2037 1742 loco
2058 1695 2239 1752 dicitur,
2264 1699 2313 1744 &
2339 1698 2511 1746 bonum

521 1762 676 1817 altero,
711 1762 816 1823 quia
838 1761 987 1822 agitur
1017 1759 1074 1805 de
1095 1759 1183 1805 illis
1201 1761 1281 1822 qui
1305 1761 1350 1805 in
1375 1759 1575 1807 Ecclesia
1598 1760 1828 1822 Spirituali
1853 1759 1968 1816 sunt,
2004 1762 2084 1823 qui
2121 1761 2394 1820 adulterare,
2414 1767 2513 1812 imo

522 1828 799 1892 prophanare
831 1840 994 1871 verum
1033 1825 1228 1887 poffunt,
1273 1841 1365 1872 non
1398 1837 1552 1873 autem
1594 1825 1784 1882 bonurn,
1828 1827 1878 1874 δε
1913 1828 2019 1889 quia
2057 1827 2133 1882 ita,
2169 1826 2336 1876 dicitur
2367 1831 2442 1877 vir
2462 1832 2512 1879 &

522 1894 701 1948 mulier,
738 1891 943 1938 videatur
962 1907 1023 1937 n.:
1050 1908 1161 1954 915.
1178 1904 1344 1954 ‘25173
1380 1889 1430 1938 δε
1454 1907 1479 1938 a
1501 1890 1825 1954 significatione
1865 1892 2103 1938 moriendo
2140 1894 2273 1948 mori,
2291 1897 2435 1956 -quod
2459 1896 2513 1944 fit

521 1959 755 2007 damnatio
779 1969 959 2013 aeterna,
995 1973 1101 2019 quae
1138 1955 1201 2002 est
1241 1973 1362 2004 mors
1403 1957 1655 2020 spiritualis,
1704 1957 1777 2002 hic
1814 1972 1872 2003 ex
1911 1956 2281 2019 prophanatione‚
2329 1959 2402 2006 de:
2425 1976 2516 2025 qua

521 2027 700 2089 agitur.'
757 2022 898 2083 Quod
922 2038 981 2070 ex
1004 2023 1293 2070 Providentia
1316 2023 1507 2069 Domini
1529 2022 1598 2077 fit,
1634 2021 1762 2084 quod
1799 2037 1937 2069 nemo
1967 2023 2232 2070 admittatur
2267 2024 2310 2071 in
2337 2024 2512 2076 bonum

521 2094 572 2140 δε
594 2105 774 2146 verum,
809 2089 895 2136 hoc
918 2088 997 2145 est,
1034 2090 1080 2135 in
1103 2089 1378 2150 agnitionem
1395 2089 1445 2136 δε
1468 2087 1750 2142 affectionem
1773 2102 1953 2144 eorum,
1987 2088 2170 2147 ulterius
2193 2105 2331 2153 quam
2349 2092 2402 2139 —in
2425 2093 2512 2149 illis

521 2171 778 2222 permanere
799 2157 947 2218 poffit,
983 2154 1045 2201 ob
1066 2154 1321 2217 periculum
1343 2154 1642 2202 damnationis
1665 2166 1865 2211 aeternae,
1899 2154 2109 2202 videatur
2131 2153 2260 2219 supra
2276 2174 2330 2205 n:
2352 2175 2378 2221 3
2385 2152 2477 2222 398
2497 2178 2509 2208 z

522 2226 564 2273 se
588 2222 719 2271 habet
742 2237 849 2267 cum
874 2220 994 2266 bono
1016 2220 1066 2266 ὅτ
1089 2235 1217 2275 vero,
1253 2231 1305 2266 ut
1323 2219 1559 2283 aliquoties
1580 2221 1705 2283 prius
1736 2219 1911 2267 dietum
1935 2221 1983 2267 &
2009 2219 2249 2278 ostensum,
2280 2224 2415 2285 quod·
2435 2224 2513 2272 illa

520 2288 642 2354 apud
657 2288 891 2335 hominem
907 2284 1149 2333 introrsum
1168 2285 1210 2332 se
1232 2285 1463 2349 recipiant,
1487 2298 1708 2350 quantum
1734 2285 1808 2333 ille
1824 2286 1869 2334 in
1888 2286 2011 2333 malo
2027 2287 2078 2334 &
2094 2285 2201 2334 falso
2216 2287 2294 2344 est,
2319 2290 2529 2353 proind}

519 2353 647 2420 quod
671 2352 818 2415 angeli
841 2353 921 2415 qui
943 2367 969 2399 e
993 2352 1116 2399 coelo
1137 2351 1262 2415 apud
1278 2351 1414 2399 ‘illum
1452 2352 1570 2409 sunt,
1606 2365 1786 2399 tantum
1817 2352 2042 2409 recedant,
2078 2353 2127 2400 δι
2151 2352 2328 2416 spiritus
2352 2356 2511 2403 diabo-

521 2423 594 2470 lici
630 2421 710 2483 qui
749 2419 805 2466 ab
843 2415 1034 2474 inferno,
1071 2430 1249 2465 tantum
1288 2418 1533 2474 accedant;
1587 2419 1646 2466 ita
1682 2420 1904 2473 viciffirm
1948 2419 2141 2466 remotio
2181 2419 2287 2468 boni
2323 2422 2372 2468 δε
2412 2423 2507 2470 veri

519 2486 727 2553 proinde,
763 2485 1052 2547 Angelorum
1075 2484 1131 2531 ab
1163 2484 1365 2541 homine,
1414 2486 1494 2548 qui
1532 2484 1594 2532 est
1630 2486 1676 2532 in
1718 2485 1840 2533 malo
1878 2485 1928 2532 ὅτ
1965 2484 2088 2541 falso,
2125 2501 2215 2533 non
2247 2498 2428 2550 apparet
2449 2490 2527 2544 ei,

521 2555 626 2617 quia
657 2564 765 2599 tunc
799 2552 845 2597 in
884 2549 1156 2614 persuasione
1191 2549 1256 2597 est
1293 2551 1418 2613 quod
1455 2550 1629 2611 malum
1669 2551 1722 2598 sit
1761 2551 1963 2607 bonum,
1987 2551 2037 2598 δε
2072 2549 2232 2608 falsum
2254 2552 2307 2598 fit
2329 2568 2528 2611 verum,-

455 2652 473 2655 -v
521 2621 571 2666 ὅτ
605 2618 690 2665 hoc
724 2632 780 2662 ex
813 2615 1046 2662 affectione
1078 2631 1238 2663 eorum
1279 2617 1329 2663 &
1362 2616 1467 2663 inde
1493 2615 1720 2679 jucundo,
1756 2617 1802 2663 in
1832 2632 1926 2679 quo
1958 2616 2070 2664 statu
2094 2631 2204 2662 cum
2224 2615 2303 2672 est,
2340 2628 2525 2681 nequa-⁴⁴

521 2699 662 2747 quam
686 2682 792 2729 scire
817 2680 976 2742 potest,
1011 2681 1138 2742 quod
1162 2681 1343 2727 bonum
1363 2683 1597 2728 &verum
1621 2682 1676 2728 ab
1698 2681 1777 2728 illo
1810 2680 2038 2728 remotum
2076 2680 2156 2727 fit:
2187 2693 2303 2727 ‘tunc
2327 2681 2504 2731 bonum

522 2751 570 2796 ὅτ
595 2763 773 2803 verum,
809 2745 882 2792 seu
905 2747 1052 2808 angeli
1071 2746 1128 2792 ab
1149 2745 1333 2794 homine
1356 2748 1578 2793 removeri
1610 2747 1840 2802 dicuntur,
1893 2761 2000 2792 cum
2047 2761 2143 2792 non·
2176 2745 2263 2792 illis
2295 2748 2516 2805 afficitur,

521 2814 608 2862 hoc
631 2814 710 2870 est,
745 2811 929 2876 quando
961 2811 1100 2858 'illum
1135 2826 1228 2858 non
1266 2811 1461 2874 amplius
1499 2811 1736 2867 delectant,
1771 2810 1846 2857 sed
1868 2810 2059 2858 viciffim
2083 2811 2267 2874 quando
2289 2812 2374 2859 illis
2398 2827 2507 2876 quae

520 2881 686 2928 amoris
717 2879 781 2926 sui
813 2879 861 2925 &
895 2877 1058 2924 amoris
1098 2876 1260 2923 mundi
1298 2875 1415 2933 sunt,
1451 2877 1659 2933 afficitur,
1695 2875 1780 2923 hoc
1811 2875 1890 2932 est,
1926 2875 2109 2938 quando
2131 2875 2260 2924 illum
2287 2877 2385 2926 haec
2410 2891 2507 2927 tan-

520 2945 765 2994 tummodo
788 2943 1030 2990 delectant:
1067 2941 1174 2990 scire
1197 2942 1370 2989 bonum
1392 2943 1442 2990 ὅτ
1465 2958 1645 2997 verum,
1679 2941 1751 2988 seu
1776 2942 2000 2988 memoria
2022 2954 2185 3000 tenere,
2220 2959 2269 2990 ac
2293 2960 2368 2991 ore
2391 2943 2510 3007 ferre

518 3013 611 3067 illa,
647 3027 737 3058 non
774 3009 838 3056 est
876 3009 1049 3056 bonum
1085 3009 1135 3056 δι’
1174 3023 1335 3056 verum
1377 3008 1551 3064 habere,
1602 3007 1676 3054 sed
1714 3008 1829 3054 affici
1868 3006 1954 3053 illis
1992 3023 2050 3054 ex
2089 3008 2224 3055 corde
2244 3024 2268 3065 3·
2312 3022 2405 3057 nec*
2438 3011 2504 3058 est

515 3078 692 3138 bonum
714 3077 764 3127 &
787 3091 951 3125 verum
973 3074 1163 3132 habere,
1185 3090 1294 3122 cum
1333 3075 1435 3139 quis
1470 3074 1662 3123 afficitur
1694 3072 1780 3123 illis
1802 3088 1861 3122 ex
1880 3071 2010 3125 causa
2030 3073 2234 3126 lucrandi
2255 3073 2426 3124 'famam
2449 3077 2502 3124 δε

2391 3157 2503 3208 opes
