2872 3730
503 279 588 343 66
1012 275 1977 344 GENESIS.

505 408 764 473 oppugnari
787 419 936 472 portas
959 424 1043 472 pro
1065 409 1190 474 quod
1213 409 1332 457 bona
1354 409 1404 458 &
1426 423 1542 455 vera.
1614 407 1759 472 Apud
1794 407 2043 464 Davidem,
2079 411 2114 434 “
2138 407 2416 472 Excogitant
2436 401 2488 457 in
2522 446 2524 448 -

509 492 583 523 me
622 475 883 524 habitatores
905 477 1071 533 Portae,
1105 475 1399 523 modulantur
1421 473 1622 521 bibentes
1646 474 1876 530 ficeram‚''
1912 473 2090 521 Psalm:
2118 490 2267 522 Lxlx:
2294 493 2368 539 13,
2409 475 2486 523 ha·

508 541 718 590 bitatores
740 555 885 605 portae
907 558 991 605 pro
1016 542 1142 590 malis
1166 543 1214 589 &
1239 540 1372 597 falsis,
1406 552 1507 588 tum
1531 556 1616 604 pro
1639 537 1938 588 infernalibus,
2009 541 2155 603 Apud
2180 541 2489 599 Ezechielem,

510 613 545 635 “
584 609 634 655 ln
668 608 911 655 vifionibus
934 609 1024 656 Dei
1053 608 1274 665 dedutfftus
1310 607 1370 654 ad
1401 608 1542 664 ostium
1563 617 1704 668 portae
1739 608 1953 653 interioris
1984 605 2180 670 spectans
2204 607 2354 655 versus
2389 607 2488 671 sep-

508 673 797 730 tentrionem,
831 673 894 721 ibi
929 675 1047 721 vidit
1078 674 1430 721 abominationes
1465 688 1650 735 magnas
1684 672 1850 719 domus
1874 671 2065 720 Israelis:
2105 675 2241 720 etiam
2268 674 2490 722 dedufims

506 741 563 787 ad
586 739 727 799 ostium
743 751 884 802 portae
917 739 1059 788 domus
1080 740 1261 803 Jehovae
1283 738 1480 803 spectans
1503 737 1652 785 versus
1676 737 2036 802 septentrionem,
2073 738 2134 786 ibi
2156 740 2290 787 etiarn
2315 739 2490 788 abomi-

508 808 759 863 nationes‚’'
805 822 907 853 V111
931 824 941 854 ε
964 824 1005 870 3.
1035 809 1076 854 6.
1111 823 1181 867 14.
1215 822 1306 868 153
1343 805 1509 852 ostium
1545 816 1692 867 portae
1723 805 1943 862 interioris
1976 804 2172 869 spectans
2208 806 2358 853 versus
2392 806 2488 870 sep-

507 874 794 928 tentrionem,
831 888 916 935 pro
939 873 1040 921 loco
1064 873 1141 919 ubi
1165 874 1373 919 interiora
1395 870 1527 926 falsa·‚
1569 870 1734 917 ostium
1757 882 1903 933 portae
1928 871 2093 918 domus
2116 871 2308 932 Jehovae
2338 873 2490 922 versus

506 937 870 1002 septentrionem,
905 938 982 985 ubi
1012 940 1218 986 interiora
1242 938 1391 993 mala3
1438 937 1563 1001 quod
1587 935 1690 983 falsa
1722 936 1770 983 δε
1797 937 1911 983 mala
1933 937 2142 984 interiora
2165 938 2265 995 fint,
2291 941 2336 986 δι
2364 940 2491 1002 quod

507 1004 560 1052 s1t
596 1006 778 1052 interior
813 1003 984 1067 sphaera
1022 1007 1067 1051 in
1101 1021 1191 1067 qua
1222 1003 1329 1051 tales
1364 1004 1541 1067 spiritus
1576 1003 1626 1050 ὅτ
1667 1004 1805 1066 genii,
1841 1002 2047 1049 videatur
2080 1020 2140 1051 n:
2163 1021 2304 1052 2121.
2345 1022 2487 1054 2122.

510 1087 651 1133 2123.
681 1087 821 1130 2124.
892 1071 1040 1135 Apud
1062 1071 1308 1126 Davidem,
1346 1075 1379 1097 “
1405 1070 1527 1116 Ecce
1556 1068 1759 1131 poffesfio
1779 1069 1971 1130 Jehovae
1993 1069 2092 1125 filii,
2124 1085 2292 1116 merces
2317 1068 2489 1119 fru6‘tus

506 1139 691 1192 ventriS,
728 1137 839 1183 ficut
874 1136 961 1182 tela
994 1137 1039 1182 in
1077 1151 1214 1182 manu
1237 1135 1392 1190 validi,
1429 1137 1490 1181 ita
1522 1134 1603 1180 filii
1637 1134 1957 1197 primitiarum,
1993 1135 2144 1182 beatus
2181 1137 2252 1182 vir
2287 1138 2366 1199 qui
2401 1139 2489 1183 im·

500 1202 645 1266 plevit
682 1202 932 1265 pharetram
957 1200 1079 1248 suam
1116 1200 1171 1247 ab
1194 1200 1297 1258 illis,
1333 1216 1425 1246 non
1459 1199 1707 1262 pudefient,
1745 1201 1852 1261 quia
1877 1199 2098 1262 loquentur
2119 1216 2210 1246 cum
2231 1202 2412 1259 hostibus
2443 1204 2490 1249 in

495 1269 680 1330 porta,''
719 1267 867 1315 Psalm
889 1285 899 1314 ε
920 1283 1089 1314 cxxvn
1112 1285 1123 1315 :
1150 1285 1192 1330 3.
1219 1284 1268 1327 4,
1308 1266 1435 1329 loqui
1458 1280 1566 1312 cum
1589 1262 1787 1311 hostibus
1823 1265 1869 1310 in
1902 1276 2048 1327 porta,
2078 1279 2164 1327 pro
2187 1265 2298 1311 nihil
2332 1267 2491 1314 timere

504 1334 621 1380 mala
656 1334 706 1381 ὅτ
741 1333 858 1390 falsa,
895 1335 954 1381 ita
993 1349 1075 1380 nec
1105 1331 1357 1380 infernum.
1429 1330 1575 1394 Apud
1598 1329 1794 1386 Esaiam,
1838 1334 1871 1358 “
1899 1331 1950 1377 ln
1974 1329 2048 1376 die
2071 1329 2150 1377 illo
2178 1332 2262 1378 erit
2284 1331 2492 1391 Jehovah

504 1399 708 1446 Zebaoth
742 1401 789 1446 in
828 1399 1036 1462 spiritum
1060 1397 1224 1463 judicii
1258 1398 1425 1446 sedenti
1453 1397 1507 1444 ad
1537 1395 1787 1460 judicium,
1827 1397 1875 1443 in
1904 1393 2219 1444 fortitudinem
2253 1400 2490 1445 avertenti-

501 1465 578 1512 bus
589 1465 788 1527 praelium
810 1466 870 1513 ad
880 1475 1071 1527 portam,
1109 1466 1157 1512 δε
1181 1465 1316 1512 etiam
1340 1465 1386 1511 hi
1409 1465 1521 1511 vino
1549 1462 1788 1519 insaniunt,
1822 1462 1873 1510 &
1897 1461 2030 1509 ficeta
2049 1463 2246 1519 errant,''
2285 1462 2453 1511 xxvtn
2474 1483 2488 1513 ε

504 1547 547 1592 5.
576 1533 618 1578 6.
649 1548 673 1593 7
695 1550 706 1578 z
754 1532 875 1595 apud
892 1531 1124 1587 Eundem,
1162 1536 1196 1558 ‘⁶
1219 1530 1555 1578 Exscindentur
1586 1545 1771 1591 peccare
1796 1526 2002 1575 facientes
2026 1528 2232 1576 homines
2259 1530 2413 1586 verbo,
2437 1530 2491 1579 &

501 1599 790 1659 corripientem
813 1600 859 1644 in
885 1607 1018 1658 porta
1040 1596 1287 1660 illaqueant,
1323 1597 1372 1643 &
1407 1594 1630 1641 declinare
1652 1592 1823 1640 faciunt
1855 1594 1901 1639 in
1924 1594 2054 1640 inane
2069 1591 2298 1656 justum,'’
2333 1611 2486 1644 xxlx:

505 1680 580 1711 20.
609 1680 664 1711 21
688 1681 699 1710 ε
726 1662 846 1725 apud
870 1662 1102 1718 Eundem,
1129 1665 1163 1689 “
1187 1661 1322 1709 Elam
1347 1659 1519 1708 sustulit
1543 1660 1798 1722 pharetram
1821 1659 1869 1705 in
1892 1673 2029 1706 curru
2053 1658 2275 1716 hominis,
2297 1661 2487 1724 equites,

500 1728 586 1775 Kir
620 1728 868 1775 denudavit
890 1728 1084 1785 scutum,
1120 1728 1169 1775 δε
1193 1725 1281 1774 fuit
1303 1726 1464 1775 eleffio
1485 1725 1673 1773 vallium
1706 1738 1889 1772 tuarum
1921 1724 2053 1788 plena
2080 1740 2214 1772 curru
2248 1725 2298 1773 &
2323 1727 2488 1790 equiti-

500 1795 601 1851 bus,
630 1795 818 1856 ponendo
840 1795 1071 1860 posuerunt
1109 1794 1169 1842 ad
1194 1803 1386 1856 portam,
1418 1794 1463 1840 &
1492 1791 1703 1856 spedkavit
1726 1793 1774 1838 in
1795 1791 1867 1843 die
1891 1791 1971 1838 illo
2003 1791 2059 1838 ad
2089 1793 2486 1841 armamentarium

494 1861 670 1918 *domus
692 1859 879 1923 sylvae,''
913 1877 1024 1907 xxtl
1047 1879 1057 1908 z
1080 1860 1122 1908 6.
1153 1877 1195 1925 7.
1223 1864 1266 1909 8.
1312 1859 1458 1924 Apud
1482 1860 1746 1920 Jererniam,
1788 1862 1822 1884 ‘⁶
1845 1857 1993 1904 Luxit
2017 1858 2241 1918 Jehudah,
2277 1859 2337 1906 δι’
2352 1862 2488 1921 porta

502 1928 590 1989 ejus
612 1926 904 1990 languefab‘z'ae,
939 1939 1170 1974 atruerunt
1204 1927 1259 1973 ad
1285 1939 1468 1982 terram,
1493 1926 1543 1973 &
1567 1924 1737 1973 clamor
1761 1923 2084 1986 Hierosolyma
2104 1923 2316 1982 ascendit,
2354 1940 2487 1989 mag-

502 2005 625 2040 nates
657 1991 869 2040 miserunt
894 1995 1088 2042 minores
1116 1993 1173 2040 ad
1195 2008 1347 2056 aquas,
1369 2005 1591 2039 venerunt
1619 1991 1676 2038 ad
1698 1989 1866 2047 foveas,
1891 2006 1973 2036 nec
1999 1991 2267 2038 invenerunt
2299 1992 2491 2055 aquas,’'¹

502 2074 627 2107 xw:
654 2078 693 2108 1.
723 2076 765 2107 2.
794 2077 851 2123 3:
890 2059 1011 2123 apud
1035 2058 1270 2117 Eundem,
1310 2064 1344 2087 “
1369 2061 1553 2107 Seniores
1586 2073 1615 2105 a
1637 2058 1779 2105 Porta
1810 2055 2032 2122 ceffarunt,
2061 2053 2250 2119 juvenes
2272 2073 2297 2104 a
2321 2056 2489 2105 modu-

504 2125 668 2173 latione
702 2126 825 2182 sua,''
857 2125 1013 2173 Thren
1033 2143 1044 2174 t
1065 2142 1109 2173 v:
1137 2143 1225 2187 14:
1273 2141 1330 2173 ex
1353 2126 1420 2172 his
1445 2124 1642 2171 constare
1667 2122 1828 2188 potest,
1853 2123 1967 2186 quid
2001 2122 2221 2186 fignificat
2244 2135 2374 2188 porta
2403 2123 2487 2172 ho-

504 2190 657 2248 stium,
695 2192 823 2255 quod
858 2207 1023 2256 nempe
1060 2190 1304 2249 infernum,
1342 2189 1420 2239 seu·
1437 2189 1687 2246 infernales,
1733 2191 1815 2253 qui
1837 2190 2050 2237 continue
2074 2189 2349 2253 impugnant
2373 2189 2490 2237 bona

504 2260 551 2303 &
579 2273 697 2314 vera,
733 2274 891 2304 eorum
916 2257 1035 2304 sedes
1058 2257 1122 2304 est
1150 2258 1271 2322 apud
1294 2258 1546 2314 hominem,
1581 2270 1634 2304 ut
1655 2256 1848 2314 dietum,
1885 2257 1931 2302 in
1955 2266 2106 2303 mente
2138 2253 2232 2319 ejus
2266 2255 2454 2317 naturali
2473 2276 2491 2311 ς

503 2317 577 2369 sed
611 2339 719 2370 cum
743 2324 884 2371 homo
923 2324 1019 2371 talis
1056 2323 1135 2380 est,
1171 2336 1223 2371 ut
1254 2324 1464 2371 admittat
1498 2323 1616 2370 bona
1649 2324 1699 2370 δε
1722 2337 1842 2378 vera,
1878 2323 1939 2368 ita
1968 2320 2168 2384 angelos,
2203 2334 2313 2367 tunc
2344 2337 2369 2367 a
2391 2322 2491 2368 Do-

505 2392 632 2436 mino
670 2388 912 2452 abiguntur
945 2389 1176 2437 infernales
1211 2407 1236 2437 a
1267 2389 1365 2436 sede
1387 2389 1476 2444 illa,
1513 2389 1678 2451 quibus
1708 2387 1873 2434 abaffis
1895 2387 2092 2449 aperitur
2114 2397 2245 2449 porta
2267 2386 2378 2433 coeli
2410 2385 2485 2434 seu

504 2455 713 2510 coelum·,
761 2457 857 2502 haec
887 2467 1015 2518 porta
1053 2457 1188 2503 etiam
1229 2456 1276 2503 in
1298 2455 1453 2501 Verbo
1485 2456 1642 2517 paffim
1684 2464 1992 2506 memoratur·,
2040 2458 2113 2513 ut]
2135 2451 2257 2514 apud
2289 2451 2488 2509 Esaiam,
2528 2514 2530 2516 Ι

504 2526 539 2547 “
575 2522 818 2567 Canticum
843 2523 889 2567 in
913 2534 1026 2567 terra
1048 2522 1273 2581 Jehudae3
1309 2521 1416 2567 urbs
1439 2520 1588 2566 valida
1608 2519 1755 2572 nobis,
1790 2518 1904 2564 salus
1926 2527 2066 2578 ponet
2088 2531 2244 2561 muros
2279 2517 2328 2561 δε
2365 2529 2510 2572 antes

508 2587 709 2640 murale,
763 2589 924 2646 aperite
954 2597 1123 2646 portas,
1163 2589 1212 2632 δε
1248 2586 1523 2647 ingredietur
1549 2598 1682 2644 gens
1720 2580 1856 2643 justa,
1904 2579 2157 2626 custodiens
2200 2580 2488 2638 fidelitateS,'’

507 2667 628 2697 xxw
651 2669 661 2698 ε
689 2668 725 2698 1.
755 2667 779 2697 2
803 2668 813 2696 ι
855 2651 975 2712 apud
1001 2650 1233 2706 Eundem,
1271 2655 1305 2676 “
1329 2650 1402 2694 Sic
1424 2649 1540 2693 dixit
1553 2646 1758 2707 Jehovah
1776 2645 1935 2694 Uncto
1957 2643 2036 2690 suo
2051 2643 2323 2701 Chorescho‚
2360 2644 2487 2708 cujus

508 2715 781 2779 apprehendi
813 2715 1033 2770 dextram,
1074 2715 1130 2760 ad
1173 2713 1433 2760 descendere
1466 2711 1728 2758 faciendum
1762 2726 1914 2758 coram
1954 2709 2043 2760 illo.
2065 2722 2240 2773 gentes,
2281 2713 2330 2758 &
2366 2713 2486 2760 lum-

508 2783 588 2830 bos
614 2796 774 2843 regum
808 2781 1019 2843 aperiam,
1056 2780 1119 2837 ad,
1134 2779 1423 2843 aperiendum
1447 2777 1599 2824 coram
1622 2777 1701 2823 illo
1723 2777 1899 2833 valvas,
1935 2777 1984 2823 ὅτ
2007 2777 2148 2823 Porta
2175 2793 2255 2824 non
2278 2778 2486 2826 occluden-

509 2859 583 2896 tur
601 2867 615 2895 :
656 2848 763 2909 Ego
798 2862 949 2893 coram
973 2858 1017 2892 te
1042 2845 1134 2902 ibo,
1171 2848 1219 2893 &
1242 2844 1438 2892 tortuosa
1470 2842 1741 2899 reffificabo,
1776 2842 1936 2889 valvas
1954 2844 2053 2889 eris
2092 2841 2393 2906 confringam,
2434 2845 2485 2892 δε

508 2920 644 2962 vestes
664 2913 782 2975 ferri
813 2911 1101 2967 concidam,”
1140 2927 1264 2959 XLv:
1291 2928 1330 2960 1.
1359 2927 1384 2958 2
1407 2928 1417 2956 :
1465 2908 1586 2972 apud
1610 2909 1841 2965 Eundem,
1881 2912 1916 2934 ‘⁶
1939 2907 2250 2955 AEdificabunt
2273 2908 2355 2955 filii
2379 2909 2483 2956 alie·

509 2983 687 3043 nigenae
714 2993 867 3024 muros
904 2989 1024 3033 tuos,
1064 2978 1113 3025 ὅτ
1143 2993 1269 3040 reges
1302 2992 1465 3033 eorum·
1496 2974 1807 3022 ministrabunt
1842 2973 1944 3029 tibi,
1979 2975 2169 3035 aperient
2193 2984 2352 3035 portas
2383 2985 2484 3023 tuas

492 3049 680 3109 jugiter,
720 3044 798 3090 diu
834 3045 884 3090 &
922 3044 1059 3090 noctu·
1092 3059 1182 3089 non
1217 3043 1543 3090 occludentur:
1594 3057 1685 3088 non
1719 3042 1924 3087 audietur
1956 3039 2154 3103 amplius
2186 3039 2401 3087 violentia
2434 3043 2483 3088 in

507 3127 621 3160 terra
659 3124 751 3165 tua,
791 3108 965 3156 vastitas
1002 3111 1050 3156 &
1087 3106 1331 3156 confractio
1365 3110 1410 3154 in
1445 3107 1645 3154 terminis
1668 3108 1775 3163 tuis,
1812 3107 1858 3153 ὅτ
1897 3104 2081 3152 vocabis
2117 3104 2301 3153 salutem
2326 3122 2483 3155 muros

507 3191 627 3235 tuos,
663 3176 712 3224 ὅτ
735 3177 896 3224 Portas
928 3185 1028 3222 tuas
1059 3175 1292 3231 laudem,''
1339 3190 1429 3222 Lx:
1455 3190 1525 3222 10.
1560 3191 1630 3222 11.
1662 3177 1749 3222 18:
1786 3171 1907 3237 apud
1927 3170 2161 3228 Eundem,
2198 3177 2233 3199 “
2255 3171 2480 3231 Tranfite,

504 3245 679 3304 tramite
702 3245 878 3299 Portas,
919 3253 1067 3306 parate
1101 3243 1225 3290 viam
1256 3240 1447 3305 populo,
1487 3239 1681 3305 sternite,
1721 3238 1898 3288 sternite
1937 3236 2160 3298 semitam,
2198 3238 2483 3354 dicitgefiliae

2350 3320 2479 3362 lonis,
