2904 3750
660 253 1031 338 ,CAPUT
1069 243 1647 331 ‚VIGESIMUM
1693 250 2115 321 SEXTUM.
2270 285 2433 347 317,

403 396 485 443 alia
524 409 587 451 re,
638 407 779 456 quam
818 390 877 437 de
906 389 1084 436 Amore
1115 386 1168 431 ‘in
1202 384 1482 439 Dominum,
1531 384 1581 432 &
1621 398 1775 430 amore
1812 398 1920 446 erga
1959 386 2225 446 proximum
2267 387 2402 448 agit;

403 471 678 526 quapropter
699 458 933 506 Dominus
956 453 1094 508 dicit,
1128 450 1257 514 quod
1292 449 1423 513 super
1453 450 1539 496 illis
1577 449 1759 496 duobus
1793 450 2057 512 Praeceptis,
2092 452 2195 499 Lex
2219 455 2267 500 &
2293 455 2404 500 Pro-

403 529 571 593 phetae,
622 527 711 573 hoc
749 522 830 579 est,
874 532 1026 569 totum
1050 515 1278 574 Verbum,
1330 515 1572 580 pendeant,
1608 516 1796 563 Matth:
1822 532 1929 564 xxii
1955 535 1965 564 z
1996 534 2072 579 35.
2102 519 2175 580 36.
2205 535 2281 582 37.
2313 524 2368 580 38
2394 538 2404 566 z

402 606 629 659 quantum
660 590 725 638 illi
764 598 934 650 negant
967 583 1142 632 sensum
1180 585 1410 630 internum
1435 583 1594 639 Verbi,
1630 584 1767 630 etiam
1808 583 1968 630 datum
2003 583 2067 630 est
2107 584 2219 631 mihi
2256 586 2408 631 videre

402 678 431 709 a
452 659 615 709 talibus
636 659 683 704 in
705 655 842 703 altera
862 653 976 710 vita,
1010 666 1165 700 coram
1203 651 1371 714 quibus
1410 665 1519 697 cum
1562 650 1706 698 modo
1738 662 2068 697 memoraretur
2103 651 2231 714 quod
2262 651 2408 698 sensus

402 727 603 776 internus
625 721 764 770 Verbi
788 720 859 777 fit,
895 720 976 783 qui
999 735 1091 766 non
1115 729 1300 782 apparet
1333 719 1379 764 in
1414 715 1536 764 sensu
1566 714 1661 780 ejus
1694 717 1869 773 literali,
1906 718 1953 765 δε
1978 717 2105 780 quod
2129 718 2203 765 ille
2226 730 2331 780 agat
2354 718 2411 764 de

403 795 556 843 amore
589 792 635 838 in
656 788 936 843 Dominum,
972 787 1022 834 &
1045 802 1153 849 erga
1175 786 1462 849 proximum,
1497 796 1608 831 tunc
1631 784 1689 830 ab
1713 784 1798 831 illis
1821 800 1912 831 non
1939 784 2082 831 modo
2104 786 2300 848 negatio,
2338 785 2412 831 sed

401 861 538 909 etiam
567 854 781 905 aversatio
812 855 910 901 imo
939 851 1095 900 nausea
1122 864 1334 916 percepta
1365 851 1459 907 est3
1497 851 1597 898 haec
1630 850 1754 899 causa
1786 852 1997 915 primaria
2018 851 2111 899 est:
2149 852 2309 899 Altera
2331 851 2413 909 est,

401 925 532 991 quod
569 925 798 971 invertant
836 919 1016 985 prorsus
1039 920 1267 976 Verbum,
1303 918 1520 982 ponendo
1560 918 1608 964 id
1646 918 1774 981 quod
1816 916 1929 965 infra
1973 918 2038 964 est
2078 918 2295 982 superius,
2340 919 2412 967 seu

399 991 529 1057 quod
566 991 708 1047 idem,
744 989 793 1036 id
832 987 958 1052 quod
993 985 1096 1051 post
1133 985 1214 1043 est,
1249 986 1475 1040 anterius,
1511 984 1714 1032 statuunt
1734 986 1857 1032 enim
1884 985 2047 1032 Fidem
2071 986 2154 1032 effe
2176 986 2415 1034 Essentiale

399 1057 634 1115 Ecclefiae,
671 1057 719 1104 δε
745 1055 820 1103 illa
849 1070 957 1120 quae
979 1054 1145 1102 amoris
1171 1055 1219 1100 in
1241 1054 1502 1100 Dominum
1543 1052 1593 1100 δε
1634 1053 1798 1099 amoris
1838 1066 1946 1116 erga
1984 1055 2252 1116 proximum
2294 1053 2412 1111 sunt,

401 1126 487 1175 effe
523 1124 699 1173 fructus
739 1123 883 1178 fidei-3
919 1137 1030 1168 cum
1064 1133 1217 1168 tamen
1258 1123 1319 1167 ita
1354 1118 1396 1166 se
1433 1119 1583 1175 habet,
1619 1119 1653 1166 s1
1685 1135 1813 1166 amor
1849 1120 1895 1166 in
1926 1121 2186 1166 Dominum
2223 1136 2411 1184 compa-

402 1206 528 1242 retur
549 1191 696 1240 arbori
719 1190 830 1236 vitae
853 1191 899 1236 in
923 1186 1127 1252 paradiso
1149 1187 1340 1243 EdeniS,
1376 1186 1581 1232 Charitas
1606 1187 1655 1232 ὅτ
1679 1183 1776 1249 ejus
1796 1202 1934 1249 opera
1967 1186 2069 1234 sunt
2091 1185 2266 1234 fruetus
2289 1188 2411 1244 inde,

405 1272 454 1307 at
474 1259 587 1306 fides
610 1259 661 1305 δε
684 1258 840 1304 omnia
862 1255 970 1302 fidei
994 1254 1096 1301 sunt
1119 1253 1264 1301 modo
1288 1251 1395 1300 folia
1415 1274 1429 1308 3
1465 1268 1574 1299 cum
1598 1268 1710 1316 ergo
1744 1254 1807 1299 ita
1829 1253 2035 1300 Verbum
2072 1255 2323 1310 invertunt,
2361 1268 2414 1302 ut

407 1342 500 1374 non
538 1340 595 1372 ex
633 1323 789 1371 arbore
826 1321 897 1370 sed
932 1336 988 1368 ex
1028 1319 1147 1368 foliis
1181 1319 1408 1367 deducant
1446 1317 1638 1376 fructuS,
1675 1336 1767 1366 non
1795 1321 1964 1366 mirum
1998 1319 2062 1367 est
2094 1321 2221 1384 quod
2246 1336 2414 1384 negent

407 1392 582 1440 sensum
615 1392 844 1439 internum
866 1387 1025 1445 Verbi,
1061 1388 1111 1434 &
1146 1387 1290 1434 modo
1326 1385 1421 1451 ejus
1460 1385 1635 1434 sensum
1678 1386 1893 1434 literalem
1933 1386 2191 1451 agnoscant,
2228 1404 2334 1435 nam
2359 1404 2418 1435 ex

407 1459 531 1507 sensu
569 1458 726 1506 literali
764 1456 1073 1521 quodcunque
1103 1453 1293 1518 dogma,
1327 1455 1464 1501 etiam
1503 1454 1701 1500 maxime
1738 1453 2001 1501 haereticum
2040 1454 2300 1502 confirmari
2333 1472 2411 1519 po-

404 1526 508 1583 test,
543 1538 596 1572 ut
619 1521 887 1571 notum-est.
940 1523 1163 1569 Praeterea
1186 1522 1343 1577 etiam,
1378 1521 1460 1584 qui
1485 1522 1531 1567 in
1555 1519 1657 1567 solis
1679 1519 2000 1568 doctrinalibus
2036 1521 2142 1568 fidei
2167 1521 2285 1578 sunt,
2323 1537 2416 1570 non

403 1605 560 1640 autem
584 1593 630 1638 in'
652 1591 776 1637 bono
795 1589 925 1644 vitae,
961 1602 1053 1633 non
1076 1585 1260 1649 poffunt
1279 1588 1408 1634 aliter
1439 1602 1579 1649 quarn
1611 1587 1658 1632 in
1692 1586 1785 1633 fide
1818 1587 2064 1650 persuafiva
2086 1588 2186 1644 effe,
2223 1589 2311 1635 hoc
2334 1589 2416 1645 est,

406 1660 454 1705 in
491 1657 726 1721 principiis
773 1655 916 1717 captis
953 1668 1087 1715 aeque
1126 1650 1244 1699 falsis
1290 1668 1343 1700 ac
1380 1655 1530 1708 veris,
1580 1651 1901 1716 consequenter
1943 1670 2040 1717 prae
2087 1654 2183 1701 aliis
2228 1654 2438 1718 stupidi,

405 1736 630 1788 quantum
653 1715 775 1768 enim
800 1721 903 1781 quis
933 1720 980 1782 in
1011 1717 1103 1766 fide
1131 1717 1383 1782 persuasiva
1413 1719 1493 1775 est,
1530 1731 1711 1766 tantum
1748 1719 1813 1766 est
1845 1719 2051 1784 stupidus
2075 1743 2086 1774 ς
2124 1733 2169 1767 at
2191 1735 2419 1784 quantum

400 1792 508 1855 quis
543 1792 588 1837 in
630 1789 754 1837 bono
792 1789 904 1834 vitae
936 1785 1018 1843 est,
1055 1786 1141 1832 hoc
1168 1785 1250 1843 est,
1300 1786 1347 1832 in
1386 1801 1541 1832 amore
1578 1786 1625 1832 in
1665 1786 1926 1834 Dominum
1966 1787 2015 1835 δε
2057 1787 2266 1835 charitate
2312 1806 2420 1853 erga

408 1859 696 1922 proximum,
738 1867 920 1902 tantum
959 1855 1006 1900 in
1044 1853 1340 1917 intelligentia
1377 1852 1457 1910 est,
1510 1853 1598 1900 hoc
1638 1852 1719 1910 est,
1762 1854 1810 1900 in
1848 1853 1942 1900 fide
1982 1870 2007 1900 a
2031 1855 2275 1910 Domino;
2313 1858 2420 1903 inde

408 1927 544 1972 etiam
579 1923 659 1979 est,
694 1922 822 1985 quod
846 1920 912 1967 illi
949 1935 1043 1967 non
1081 1922 1248 1982 poffint
1286 1920 1412 1967 aliter
1453 1936 1593 1985 quam
1634 1922 1679 1967 in
1719 1922 1935 1984 negativo
1973 1921 2055 1968 esse
2096 1921 2154 1969 de
2187 1921 2310 1969 sensu
2351 1925 2421 1970 in-

409 2004 540 2039 terno
562 1989 721 2046 Verbi,
758 1988 805 2035 hi
828 1999 980 2034 autem
1002 1986 1129 2049 quod
1153 2002 1246 2034 non
1269 1989 1436 2050 poffint
1456 1987 1582 2036 aliter
1615 2003 1755 2052 quam
1790 1990 1835 2035 in
1869 1988 2142 2036 affirmativo
2165 1990 2281 2046 effe,
2320 1989 2423 2038 sunt

409 2059 532 2106 enim
573 2057 784 2104 interiora
819 2053 944 2118 apud
981 2052 1084 2100 illos
1120 2054 1202 2115 qui
1241 2054 1288 2099 in
1329 2053 1431 2101 solis
1470 2054 1796 2102 doctrinalibus
1842 2053 1945 2103 sunt
1983 2056 2034 2103 δε
2074 2073 2166 2104 non
2209 2058 2255 2103 in
2298 2057 2421 2105 bono

409 2127 539 2181 vitae,
575 2123 735 2179 clausa,
769 2121 882 2168 adeo
915 2132 967 2167 ut
1005 2119 1087 2166 lux
1123 2119 1221 2165 veri
1258 2135 1285 2166 a
1314 2119 1525 2167 Domino
1564 2136 1656 2168 non
1697 2124 1830 2185 poffit
1869 2123 2071 2179 influere,
2107 2124 2157 2170 δε
2191 2124 2295 2170 dare
2336 2125 2423 2172 illis

410 2191 699 2256 appercipere
726 2188 855 2252 quod
885 2188 949 2234 ita
980 2185 1064 2242 sit3
1101 2197 1145 2232 at
1168 2186 1380 2234 interiora
1402 2186 1527 2249 apud
1560 2186 1661 2234 illos
1691 2189 1774 2250 qui
1810 2188 1857 2234 in
1896 2205 2050 2238 amore
2090 2191 2136 2236 in
2161 2192 2422 2239 Dominum

413 2259 531 2315 sunt,
567 2256 669 2304 sunt
692 2268 859 2320 aperta,
895 2254 1009 2300 adeo
1042 2264 1093 2300 ut
1125 2252 1207 2299 lux
1238 2254 1334 2300 veri
1367 2269 1394 2300 a
1412 2254 1624 2318 Domino
1645 2255 1779 2317 possit
1800 2254 2004 2312 influere,
2041 2269 2213 2304 mentes
2238 2258 2423 2306 illorum

409 2325 604 2379 afficere,
641 2326 690 2372 δε
724 2323 828 2369 dare
860 2319 1258 2384 apperceptionem
1293 2320 1420 2384 quod
1455 2322 1518 2368 ita
1550 2319 1618 2367 fit.
1690 2319 1773 2367 Est
1795 2336 1980 2384 quoque
2003 2322 2145 2379 causa,
2180 2325 2305 2385 quod
2332 2341 2421 2371 non

409 2390 536 2437 aliud
568 2388 833 2451 jucundum
873 2388 921 2435 in
950 2386 1141 2433 lectione
1160 2385 1304 2433 Verbi
1333 2386 1540 2444 habeant,
1573 2402 1716 2451 quam
1756 2387 1883 2450 quod
1918 2403 2000 2451 per
2037 2388 2150 2435 illud
2188 2390 2421 2437 lucrentur

411 2458 606 2505 honores
628 2456 680 2503 δε
702 2471 828 2519 opes,
862 2453 914 2502 ὅτ
938 2451 1107 2500 famam
1131 2464 1318 2518 propter
1340 2452 1430 2511 illa,
1455 2453 1583 2517 quod
1599 2451 1866 2517 jucundum
1884 2454 1947 2501 est
1962 2452 2228 2518 jucundum
2252 2460 2420 2504 amoris

413 2523 481 2571 sui
518 2523 568 2571 δε
604 2523 801 2578 mundi3
839 2521 888 2568 &
929 2519 1018 2568 hoc
1054 2519 1194 2584 usque
1229 2519 1358 2578 adeo,
1403 2532 1455 2568 ut
1494 2520 1527 2567 si
1565 2537 1657 2568 non
1695 2520 1767 2568 illa
1798 2520 1922 2568 lucra
1962 2523 2015 2568 iis
2055 2522 2176 2579 inde,
2214 2524 2423 2571 Verbum

413 2590 595 2654 prorsus
636 2586 870 2652 rejiciant3
907 2588 987 2651 qui
1021 2587 1132 2634 tales
1170 2585 1290 2644 sunt,
1335 2586 1473 2634 corde
1514 2586 1593 2635 suo
1630 2603 1720 2635 non
1763 2588 1907 2635 modo
1941 2602 2107 2652 negant
2140 2589 2315 2638 sensum
2355 2593 2422 2638 in-

415 2670 598 2704 ternum
622 2654 782 2712 Verbi,
818 2654 1003 2718 quando
1026 2654 1083 2701 de
1106 2653 1186 2701 illo
1208 2653 1416 2710 audiunt,
1453 2652 1530 2701 sed
1552 2653 1689 2702 etiam
1714 2653 1863 2719 ipsum
1886 2654 2103 2702 literalem
2126 2679 2141 2711 ·,
2177 2670 2424 2720 quantum-

412 2725 484 2772 vis
521 2734 683 2788 putent
722 2722 852 2786 quod
891 2721 932 2768 ei
971 2720 1184 2776 credant;
1235 2722 1316 2784 qui
1355 2721 1478 2768 enim
1518 2737 1604 2784 pro
1643 2720 1734 2768 fine
1769 2721 1903 2768 habet
1942 2719 2205 2784 jucundum
2254 2726 2422 2772 amoris

415 2790 482 2838 sui
505 2793 555 2838 δε
591 2789 772 2846 mundi,
808 2803 947 2836 omne
985 2787 1297 2851 quodcunque
1332 2786 1398 2834 est
1432 2788 1544 2835 vitae
1578 2799 1778 2844 aeternae,
1816 2788 1995 2851 prorsus
2020 2787 2143 2853 ejicit
2166 2791 2303 2838 corde
2326 2791 2423 2848 suo,

416 2859 467 2904 δε
492 2856 635 2904 modo
663 2872 721 2903 ex
753 2854 939 2903 naturali
973 2856 1022 2902 δε
1056 2868 1275 2918 corporeo
1315 2854 1500 2902 homine
1531 2853 1705 2918 profer-t
1738 2855 1860 2912 talia,
1897 2871 2004 2918 quae
2041 2871 2145 2903 vera
2184 2858 2298 2906 dicit
2334 2875 2423 2906 non

417 2935 603 2987 propter
624 2924 886 2971 Dominum
911 2923 960 2969 δε
986 2923 1206 2984 Regnum
1231 2921 1391 2985 Ipfius,
1429 2920 1501 2968 sed
1526 2933 1714 2985 propter
1743 2921 1784 2970 se
1809 2924 1858 2969 &
1883 2920 2001 2969 suos.
2072 2924 2199 2972 Haec
2223 2926 2272 2972 δε
2298 2925 2426 2989 plura

417 2990 501 3037 alia
523 2987 710 3047 faciunt,
746 2989 874 3053 quod
907 2987 989 3046 illi,
1024 2991 1106 3052 qui
1135 2987 1330 3052 pastores
1358 2987 1487 3035 vallis
1511 2991 1711 3047 Geraris,
1747 2990 1798 3036 δε
1825 2991 1906 3053 qui
1928 2989 2160 3047 Philistaei‚
2187 3005 2424 3048 vocantur,

418 3054 590 3103 sensum
621 3058 850 3104 internum
873 3055 1015 3102 Verbi
1038 3067 1220 3119 negent.
1713 3065 1717 3069 ‘

491 3127 636 3185 3428.
672 3123 738 3169 Et
759 3121 975 3170 foderunt
1012 3135 1206 3188 puteum
1242 3122 1399 3179 alium,
1437 3125 1487 3172 δε
1510 3123 1641 3170 rixati
1674 3123 1811 3171 etiam
1847 3122 1977 3187 super
2005 3123 2100 3179 illo,
2137 3124 2262 3187 quod
2289 3123 2426 3184 figni-

422 3187 528 3234 ficet
561 3186 736 3235 sensum
773 3190 1004 3236 internum
1028 3188 1171 3239 Verbi
1204 3205 1316 3236 num
1348 3189 1419 3246 sit,
1456 3189 1654 3237 constare
1683 3189 1829 3254 potest
1861 3206 1918 3236 ex
1950 3190 2273 3253 significatione
2305 3191 2428 3252 putei

366 3265 369 3267 ’
420 3254 552 3313 alius,
587 3255 636 3303 δε
662 3255 809 3312 rixari,
844 3256 902 3304 de
922 3271 1013 3319 qua
1035 3254 1183 3321 supra,
1220 3257 1281 3305 ita
1312 3271 1369 3305 ex
1406 3254 1547 3314 serie,
1582 3258 1664 3320 qui
1697 3258 1822 3306 enim
1854 3270 2020 3320 negant
2050 3257 2238 3320 aliquid,
2258 3267 2328 3368 sut
2351 3257 2430 3317 qui

2275 3322 2430 3369 ensum
