2872 3730
564 215 692 278 180
1011 176 2074 281 *GENESISss*

560 339 814 390 sentationis
856 340 998 399 causa,
1046 354 1099 390 ut
1141 343 1338 390 lavarent
1376 343 1562 399 Cutem,
1613 342 1800 401 Manus,
1855 341 2012 400 PedeS‚
2063 345 2113 392 δε
2159 360 2340 410 quoque
2374 348 2548 407 Vestes,

563 406 746 469 quando
779 409 1009 455 immundi
1048 407 1151 466 faeti
1189 426 1238 455 ac
1280 409 1619 465 mundarentur,
1655 424 1735 473 per
1757 425 1863 473 quae
1887 412 2042 457 omnia
2078 411 2440 474 significabantur
2480 415 2551 462 illa

566 488 672 535 quae
694 473 922 521 Naturalis
958 475 1154 522 hominis
1194 474 1328 531 sunt·,
1364 475 1499 522 etiarn
1534 475 1753 533 Lavacra,
1790 492 1896 539 quae
1934 492 2074 533 aenea,
2109 478 2390 540 ponebantur
2429 493 2554 528 extra

569 539 842 603 Templum,
891 557 1055 604 nempe
1091 542 1220 588 Mare
1260 557 1458 597 aeneum,
1511 542 1556 588 δι
1595 541 1745 588 Labra
1772 542 1930 590 decern
1964 559 2102 600 aenea,
2145 563 2163 592 1
2194 546 2328 608 Reg:
2354 561 2429 592 vn
2453 565 2464 594 ε
2492 563 2550 610 23

568 604 624 651 ad
650 622 727 670 37.
746 611 820 669 38.
844 625 903 671 39
925 629 939 662 ·,
975 624 1023 653 ac
1049 606 1254 654 Labrum
1280 609 1398 664 aeris,
1432 622 1489 653 ex
1511 623 1604 670 quo
1626 607 1667 654 se
1701 607 1899 656 lavarent
1923 608 2111 656 Aharon
2136 611 2184 657 &
2209 611 2291 658 filii
2324 609 2435 674 ejuS,
2471 628 2554 675 po·

568 671 703 719 situm
726 685 818 719 erat
840 676 954 720 inter
975 674 1250 720 Tentorium
1273 685 1522 721 conventus
1546 674 1594 720 δε
1620 673 1791 730 Altare,
1827 675 1887 721 ita
1918 691 2102 739 quoque
2131 689 2258 724 extra
2280 678 2554 725 Tentorium

570 737 709 785 Exod
730 756 740 785 ι
765 754 888 786 xxx:
922 743 991 786 18.
1019 757 1088 804 19.
1115 756 1193 796 21,
1229 755 1323 802 quo
1345 740 1480 786 etiam
1505 738 1825 801 significatum,
1861 741 1987 803 quod
2012 741 2156 789 solum
2181 755 2360 789 externa
2381 743 2453 790 seu
2477 760 2556 791 na-

570 803 725 851 turalia
763 805 1134 867 purificarentur3
1185 821 1290 869 quae
1334 805 1414 852 nisi
1453 805 1687 868 purificata
1722 805 1823 872 lint,
1861 804 1945 853 hoc
1983 807 2060 864 est,
2097 808 2202 855 inde
2238 818 2410 855 remota
2449 826 2555 873 quae

569 873 731 918 amoris
756 870 819 917 sui
844 871 892 918 ὅτ
917 872 1076 917 mundi
1101 870 1218 927 sunt,
1255 871 1475 934 nusquam
1501 870 1678 934 poffunt
1703 872 1889 930 interna,
1925 888 2030 935 quae
2067 874 2167 922 sunt
2196 877 2360 921 amoris
2386 877 2430 921 in
2453 877 2554 924 Do-

570 938 748 986 minum
774 937 822 984 &
847 952 952 999 erga
974 937 1256 1000 proximum,
1280 938 1479 993 influere,
1505 948 1556 983 ut
1576 936 1705 1002 supra
1728 937 1936 993 dictum3
1968 949 2020 985 ut
2046 939 2204 987 melius
2227 939 2402 998 sciatur,
2437 957 2554 1004 quo-

569 1002 711 1049 modo
732 1002 829 1050 haec
854 1004 894 1049 se
917 1002 1119 1059 habeant,
1156 1020 1319 1067 nempe
1341 1003 1468 1067 quod
1499 1014 1678 1050 externa
1717 1004 1993 1067 purificanda
2028 1005 2129 1062 fint,
2166 1005 2250 1053 sint
2271 1007 2483 1070 exemplo
2505 1009 2556 1055 δε

565 1068 848 1115 illustrationi
873 1069 996 1115 Bona
1018 1085 1170 1131 opera,
1207 1069 1278 1115 seu
1311 1069 1437 1132 quod
1476 1069 1599 1129 idem
1634 1070 1759 1116 Bona
1797 1070 2038 1128 charitatis,
2073 1087 2180 1135 quae
2213 1072 2346 1118 hodie
2385 1071 2557 1121 fructus

565 1134 675 1190 fidei
700 1146 933 1189 vocantur,
970 1133 1067 1180 haec
1099 1133 1200 1180 sunt
1221 1147 1398 1180 externa
1421 1135 1529 1196 quia
1548 1135 1756 1180 exercitia
1775 1156 1789 1189 ;
1827 1136 1951 1182 Bona
1973 1139 2112 1199 opera‘
2128 1136 2230 1184 sunt
2262 1138 2379 1185 mala
2401 1154 2554 1201 opera,

567 1200 649 1246 nisi
686 1211 999 1247 removeantur
1038 1199 1110 1246 illa
1145 1215 1251 1262 quae
1291 1198 1391 1246 sunt
1428 1200 1592 1245 amoris
1616 1198 1680 1244 sui
1703 1199 1752 1245 δε
1779 1201 1957 1256 mundi,
1995 1216 2101 1247 nam
2124 1217 2259 1264 opera
2288 1218 2396 1249 cum
2421 1205 2554 1260 fiunt,

567 1276 805 1329 antequam
831 1265 927 1312 haec
950 1278 1122 1312 remota
1144 1264 1261 1321 sunt,
1298 1275 1511 1329 apparent
1549 1275 1679 1311 extus
1715 1264 1848 1321 bona,
1884 1264 1958 1312 sed
1997 1265 2097 1312 sunt
2127 1268 2246 1314 intus
2268 1267 2556 1325 mala,''fiunt

567 1331 687 1379 enim
714 1331 784 1378 vel
808 1329 1213 1395 propter'famam‚¹
1238 1331 1311 1378 vel
1335 1342 1519 1394 propter
1539 1329 1736 1387 lucrum,
1772 1331 1845 1378 vel
1885 1343 2070 1395 propter
2109 1330 2173 1380 sui
2209 1333 2445 1391 honorem,
2483 1334 2555 1382 vel

564 1409 751 1460 propter
773 1398 1195 1454 remunerationem,
1230 1397 1289 1444 ita
1312 1396 1412 1444 sunt
1435 1396 1509 1444 vel
1534 1398 1762 1445 meritoria
1786 1397 1860 1444 vel
1883 1397 2176 1462 hypocritica,
2212 1398 2285 1446 illa
2307 1401 2429 1448 enim
2453 1415 2560 1464 quae

565 1462 666 1510 sunt
698 1466 862 1511 amoris
897 1463 961 1510 sui
996 1464 1044 1510 &
1083 1464 1243 1510 mundi
1282 1461 1453 1511 faciunt
1485 1479 1619 1527 opera
1657 1463 1732 1510 illa
1763 1463 1898 1520 talia;
1935 1477 1978 1511 at
2002 1480 2111 1512 vero
2134 1481 2242 1513 curn
2268 1479 2559 1514 removentur

567 1530 683 1576 mala
704 1530 819 1586 haec,
856 1543 965 1577 tunc
989 1546 1124 1592 opera
1161 1529 1280 1576 fiunt
1317 1529 1451 1586 bona,
1487 1545 1537 1575 ac
1561 1528 1661 1576 sunt
1685 1529 1804 1578 bona
1826 1530 2062 1593 charitatis,
2097 1548 2263 1594 nempe
2286 1533 2332 1579 in
2357 1532 2443 1579 illis
2464 1548 2557 1580 non

566 1596 786 1658 respeftus
810 1595 891 1651 sui,
928 1596 1107 1650 mundi,
1143 1595 1298 1650 famae,
1335 1595 1716 1651 remunerationis,
1754 1597 1814 1642 ita
1849 1595 1923 1642 illa
1952 1607 2053 1642 'non
2089 1592 2314 1643 meritoria
2351 1613 2430 1644 nec
2471 1598 2554 1660 hy-

565 1663 797 1724 pocritica,
834 1661 980 1707 influit
1018 1662 1140 1707 enim
1182 1673 1292 1707 tunc
1326 1673 1455 1707 amor
1493 1659 1685 1707 coelestis
1715 1661 1764 1707 ὅτ
1788 1675 1918 1706 amor
1950 1660 2186 1723 spiritualis
2221 1677 2247 1708 a
2268 1663 2476 1710 Domino
2508 1666 2556 1710 in

566 1728 736 1791 Opera,
772 1728 821 1774 δε
846 1725 1015 1773 faciunt
1043 1726 1142 1773 haec
1179 1738 1231 1772 ut
1270 1726 1353 1772 fint
1388 1741 1517 1772 arnor
1546 1726 1595 1773 ὅτ
1627 1724 1814 1773 charitas
1842 1726 1979 1782 αξξυς
2016 1742 2067 1774 ac
2090 1739 2199 1774 tunc
2223 1729 2453 1776 Dominus
2475 1745 2556 1792 per

567 1793 640 1841 illa
663 1808 845 1856 quoque
867 1792 1076 1854 purificat
1112 1791 1355 1839 naturalem
1398 1791 1468 1839 seu
1509 1803 1744 1839 externum
1785 1792 2038 1850 hominem,
2075 1809 2124 1841 ac
2147 1810 2252 1840 eum
2278 1796 2323 1840 in
2347 1795 2555 1843 ordinem

566 1859 777 1922 disponit,
825 1871 877 1904 ut
915 1859 1098 1921 recipiat
1143 1857 1537 1921 correspondenter
1583 1858 1778 1905 coelestia
1811 1861 1859 1905 δε
1899 1857 2137 1921 spiritualia
2176 1875 2283 1922 quae
2326 1861 2556 1917 influunt·,

564 1925 692 1989 quod
716 1923 942 1972 manifeste
966 1924 1161 1972 constare
1184 1924 1328 1988 potest
1353 1923 1409 1970 ab
1429 1924 1531 1980 illis,
1567 1940 1671 1987 quae
1695 1925 1924 1971 Dominus
1947 1924 2120 1980 docuit,
2157 1940 2263 1971 cum
2289 1924 2399 1972 lavit
2421 1927 2558 1989 pedes

565 1991 909 2054 discipulorum,
943 1990 1063 2054 ap'ud
1088 1991 1363 2052 Johannem,
1401 1995 1433 2017 “
1463 1991 1599 2037 Venit
1621 1990 1679 2037 ad
1702 1990 1936 2037 Simonem
1959 1989 2171 2046 Petrum,
2201 1993 2281 2054 qui
2316 1991 2428 2038 dicit
2449 1992 2555 2056 lpfi,

563 2058 782 2114 Domine,
830 2058 966 2104 Tune
1005 2074 1111 2104 meos
1146 2058 1274 2104 lavas
1301 2057 1443 2119 pedes,
1493 2055 1722 2119 respondit
1759 2054 1888 2117 Jesus
1926 2056 1975 2103 &
2015 2055 2132 2103 dixit
2173 2057 2255 2113 illi,
2298 2058 2426 2120 quod
2449 2058 2559 2122 Ego

566 2122 699 2179 facio,
735 2135 785 2171 tu
823 2139 918 2169 non
957 2122 1038 2170 scis
1077 2123 1241 2179 adhuc,
1277 2121 1519 2186 cognosces
1559 2137 1669 2169 vero
1704 2121 1806 2185 post
1845 2122 1976 2178 haec;
2014 2122 2127 2169 dicit
2154 2122 2242 2186 Ipfi
2265 2124 2440 2179 Petrus,
2477 2139 2558 2172 non

564 2190 736 2238 lavabis
749 2189 873 2252 pedes
896 2205 1001 2236 meos
1034 2191 1080 2235 in
1102 2200 1323 2236 aeternum
1343 2211 1357 2244 3
1394 2187 1622 2252 respondit
1645 2187 1707 2234 illi
1732 2187 1877 2249 Jesus,
1898 2187 1947 2246 st
1964 2203 2045 2235 non
2067 2187 2213 2236 lavero
2236 2198 2295 2246 te,
2331 2205 2410 2236 non
2430 2189 2558 2237 habes

556 2266 729 2317 partem
753 2259 958 2310 Mecum,
994 2255 1106 2302 dicit
1128 2254 1217 2318 Ipfi
1241 2255 1400 2301 Simon
1423 2255 1600 2310 Petrus,
1639 2254 1856 2311 Domine,
1902 2269 1992 2300 non
2025 2254 2151 2316 pedes
2191 2270 2317 2302 meos
2358 2266 2557 2313 tanturn,

563 2320 636 2367 sed
660 2322 710 2369 ὅτ
728 2337 874 2367 manus
900 2322 948 2367 ὅτ
971 2331 1132 2382 caput3
1168 2321 1279 2368 dicit
1315 2320 1379 2368 illi
1402 2319 1549 2382 jesus,
1584 2321 1656 2384 qui
1693 2320 1804 2368 lotus
1839 2319 1909 2379 est,
1943 2335 2025 2367 non
2063 2331 2164 2381 opus
2196 2320 2341 2378 habet,
2392 2320 2471 2380 nisi
2507 2332 2556 2369 ut

564 2387 702 2451 quoad
724 2387 849 2447 pedes
885 2387 1074 2444 lavetur,
1099 2386 1185 2450 sed·
1213 2386 1388 2434 mundus
1423 2387 1476 2446 ast
1514 2395 1661 2442 totus,
1690 2384 1789 2450 jam
1822 2402 1906 2434 vos
1934 2386 2104 2433 “mundi
2140 2385 2257 2443 estis,
2293 2402 2386 2435 non
2409 2399 2557 2435 tamen

559 2454 770 2515 lomness'
794 2468 893 2499 x111
916 2471 927 2500 :
951 2471 983 2514 4
1007 2453 1060 2500 ad
1094 2470 1148 2517 17
1171 2475 1185 2509 ;
1221 2454 1302 2518 qui
1326 2452 1445 2502 lotus
1465 2451 1529 2500 est
1551 2468 1645 2500 non
1676 2468 1793 2516 opus
1814 2451 1949 2500 habet
1980 2451 2061 2498 nifi
2086 2463 2138 2499 ut
2159 2452 2311 2515 quoad
2334 2452 2472 2516 pedes
2495 2453 2556 2500 la-

565 2531 714 2574 vetur,
751 2517 969 2580 fignificat
986 2518 1113 2582 quod
1135 2520 1215 2582 qui
1239 2516 1505 2567 reformatus
1535 2517 1598 2565 est
1629 2519 1773 2565 modo
1810 2533 1927 2581 opus
1964 2517 2121 2564 habeat
2157 2517 2368 2564 mundari
2405 2519 2560 2580 quoad

567 2583 794 2638 naturalia,
829 2584 916 2629 hoc
954 2584 1033 2640 est,
1068 2597 1122 2631 ut
1161 2585 1266 2631 inde
1309 2595 1627 2631 removeantur
1671 2583 1790 2629 rnala
1823 2585 1873 2629 &
1911 2580 2028 2637 falsa,
2064 2583 2220 2628 omnia
2257 2592 2366 2628 tunc
2406 2583 2556 2647 dispo-

568 2662 739 2695 nuntur
775 2650 821 2694 in
861 2649 1065 2695 ordinem
1100 2665 1180 2711 per
1218 2649 1445 2695 influxum
1483 2647 1781 2710 spiritualium
1820 2663 1844 2693 a
1879 2647 2119 2694 Domino:
2167 2658 2384 2710 praeterea
2413 2647 2559 2696 lavare

567 2713 705 2777 pedes
743 2725 836 2759 erat
872 2713 1114 2769 charitatis,
1149 2713 1276 2775 quod
1312 2728 1478 2776 nempe
1517 2728 1608 2759 non
1637 2712 1912 2759 reflefiterent
1944 2711 2074 2775 super
2107 2711 2223 2760 mala
2258 2712 2472 2770 alterius;
2508 2716 2558 2762 δι

568 2794 751 2842 quoque
790 2790 880 2825 erat
920 2778 1258 2833 humiliationis,
1293 2778 1418 2841 quod
1459 2793 1624 2840 nempe
1662 2777 1851 2825 alterum
1883 2794 1909 2825 a
1941 2778 2086 2834 malis,
2122 2777 2244 2842 quafi
2281 2795 2307 2825 a
2336 2779 2559 2839 sordibus,

562 2845 821 2907 mundaret,
859 2856 910 2890 ut
946 2852 1131 2907 quoque
1167 2860 1192 2891 a
1213 2844 1405 2899 Domini
1443 2842 1592 2891 verbis
1628 2842 1691 2890 ibi
1722 2843 1858 2892 Vers:
1890 2859 1944 2892 12
1972 2843 2030 2890 ad
2060 2859 2136 2908 17,
2171 2843 2371 2893 conflare
2391 2845 2555 2908 potest,

559 2912 705 2966 *etiarn
730 2909 863 2957 Luc:
889 2925 963 2957 vn
987 2928 997 2958 :
1026 2925 1100 2974 37.
1129 2915 1205 2974 38.
1230 2926 1310 2969 44.
1335 2910 1414 2970 46.
1468 2909 1589 2970 Joh:
1627 2924 1678 2956 xl
1702 2929 1712 2957 :
1741 2926 1785 2958 2.
1842 2927 1861 2958 1
1887 2909 2021 2957 Sam:
2048 2925 2173 2958 xxv:
2197 2928 2277 2970 41.
2351 2910 2560 2976 Qisque

569 2977 722 3023 videre
753 2975 914 3039 potest,
949 2976 1075 3039 quod
1115 2976 1260 3024 lavare
1282 2976 1340 3033 *se
1377 2991 1471 3023 non
1509 2975 1706 3039 aliquem
1743 2975 1954 3038 purificet
1989 2991 2014 3022 a
2053 2975 2183 3023 malis
2224 2977 2275 3023 ὅτ
2314 2974 2447 3034 falsis,
2483 2977 2560 3026 sed

554 3042 712 3104 ‘solum
738 3058 763 3088 a
784 3039 1003 3099 sordibus,
1038 3058 1144 3106 quae
1173 3043 1234 3090 eis
1256 3041 1486 3090 adhaerent
1507 3063 1522 3098 ·‚
1556 3054 1602 3088 at
1624 3042 1729 3105 quia
1752 3043 1868 3089 inter
1890 3044 2002 3089 ritus
2025 3042 2073 3088 in
2095 3042 2294 3090 Ecclefia
2317 3043 2558 3093 mandatos

551 3106 675 3175 suit,
702 3107 901 3174 sequitur
921 3108 1050 3172 quod
1071 3108 1274 3158 involvat
1298 3108 1468 3173 aliquid
1490 3107 1727 3175 peculiare,
1763 3124 1929 3174 nempe
1961 3107 2232 3159 lavationem
2265 3108 2558 3224 spiritualim,

2499 3189 2556 3225 OC
