2872 3730
675 215 1011 282 CAPUT
1058 165 1629 279 ViGESIMUM
1676 213 2179 301 QUINTUM.
2307 234 2440 300 243

433 355 528 404 226
539 373 575 404 ι.
605 355 768 420 22693
803 367 905 402 turn
931 351 1304 416 afignificatione
1341 351 1516 413 pilosae,
1552 342 1680 413 qu&
1723 349 1777 396 fit
1817 348 2016 394 naturale
2054 348 2206 411 quoad
2243 366 2440 398 verum:

428 422 557 469 Pilus
594 421 668 469 seu
709 423 844 469 crinis
883 419 1117 482 aliquoties
1156 418 1202 463 in
1226 416 1385 464 Verbo
1421 429 1718 472 memoratur,
1754 415 1803 462 ὅτ
1845 414 1909 460 ibi
1949 415 2168 478 fignificat
2206 417 2440 473 naturale;

428 488 556 536 causa
586 487 666 545 est,
701 489 808 551 quia
835 487 918 549 pili
949 484 1052 531 sunt
1083 483 1397 531 excrescentiae
1427 484 1475 530 in
1506 483 1681 529 ultimis
1715 481 1931 538 hominis,
1967 481 2080 527 ficut
2102 499 2284 546 quoque
2308 496 2440 530 natu-

428 556 518 603 rale
539 554 603 602 est
624 553 864 616 respective
886 551 943 598 ad
967 548 1062 614 ejus
1086 550 1298 598 rationale
1324 551 1372 598 &
1396 550 1454 597 ad
1478 547 1611 613 hujus
1637 550 1845 596 interiora
1865 570 1879 603 3
1916 559 2100 611 apparet
2132 548 2306 596 homini
2331 565 2441 597 cum

428 623 548 669 vivit
586 622 632 667 in
671 634 887 682 corpore,
912 617 1040 680 quod
1079 617 1281 665 naturale
1320 617 1373 664 fit
1412 618 1458 664 in
1499 616 1578 663 illo
1611 621 1766 673 omne,
1803 613 1879 662 sed
1913 615 2001 675 hoc
2041 626 2220 662 tanturn
2261 615 2382 663 abest
2414 631 2443 664 a

428 703 555 744 vero,
591 685 866 744 utrnaturale
898 686 1053 748 potius
1076 683 1131 732 fit
1153 682 1451 732 excrescentia
1473 682 1530 730 ab
1553 685 1738 730 internis
1760 680 1874 745 ejus,
1908 681 2024 728 ficut
2043 679 2144 730 sunt
2168 681 2251 746 pili
2274 682 2330 729 ab
2353 681 2440 730 illis

427 770 534 817 quae
558 751 660 799 sunt
683 752 919 816 corporis3
956 752 1091 799 etiam
1127 751 1184 799 ab
1219 753 1405 799 internis
1427 766 1559 815 paene
1593 749 1794 797 similiter
1817 747 2106 812 procedunt;
2142 764 2278 812 quare
2301 751 2439 797 etiam

425 820 651 876 homines,
686 821 768 882 qui
808 820 855 865 in
889 820 986 866 vita
1021 819 1227 882 corporis
1265 834 1388 866 mere
1429 817 1647 864 naturales
1689 816 1891 873 fuerunt,
1940 817 1988 862 in
2030 814 2164 863 altera
2195 815 2291 863 vita
2327 831 2439 863 cum

409 886 637 933 'fistuntur
673 886 862 934 videndi
895 885 1146 933 secundum
1181 885 1348 932 statum
1383 883 1533 942 illum,
1569 881 1786 948 apparent
1816 882 1969 947 quoad
2003 898 2136 946 paene
2158 899 2347 931 omnem
2373 880 2439 930 fa-

422 954 540 1001 ciem
564 954 712 1000 criniti
733 976 747 1009 ;
784 954 833 1000 δε
858 964 1077 1016 praeterea
1100 951 1299 1000 naturale
1327 952 1527 999 hominis
1560 950 1904 1015 repraesentatur
1926 965 2008 1014 per
2030 950 2175 997 crines
2195 972 2210 1005 3
2247 965 2357 997 cum
2381 965 2440 997 ex

422 1019 546 1068 bono
577 1019 659 1077 est,
693 1036 775 1084 per
810 1022 954 1067 crines
987 1019 1176 1067 decoros
1196 1020 1246 1067 ὅτ,
1271 1020 1492 1067 concinne
1514 1018 1720 1082 positos3
1757 1032 1866 1065 curn
1906 1028 2059 1064 autem
2100 1032 2193 1063 non
2214 1033 2271 1064 ex
2295 1017 2436 1075 bono,

419 1103 500 1150 per
524 1088 667 1134 crines
698 1088 936 1135 indecoros
959 1086 1010 1133 &
1035 1086 1312 1133 inordinatos
1335 1108 1350 1142 3
1385 1101 1443 1133 ex
1466 1085 1829 1149 repraesentativo
1861 1084 1949 1132 hoc
1979 1082 2060 1140 est,
2096 1083 2222 1146 quod
2247 1083 2329 1148 pili
2362 1083 2436 1131 seu

420 1156 565 1201 crines
596 1155 642 1200 in
663 1153 819 1201 Verbo
849 1152 1105 1216 fignificent
1127 1153 1345 1200 Naturale
1382 1153 1610 1215 imprimis
1644 1151 1794 1215 quoad
1818 1166 2014 1205 verum;
2050 1161 2103 1197 ut
2126 1150 2249 1213 apud
2273 1149 2436 1207 Sacha-

418 1223 551 1276 riam,
589 1225 623 1247 “
647 1221 782 1267 Fient
821 1222 868 1267 in
905 1220 980 1266 die
1020 1219 1114 1276 illo,
1151 1219 1390 1283 pudefient
1425 1218 1681 1282 prophetae,
1717 1218 1791 1265 vir
1825 1229 2012 1282 propter
2034 1215 2256 1264 visionem
2291 1216 2434 1276 suam,

422 1303 532 1334 cum
563 1287 918 1350 prophetaverit,
955 1286 1006 1333 &
1028 1302 1122 1333 non
1144 1285 1335 1333 induent
1357 1287 1544 1332 tunicam
1576 1284 1757 1349 pilosam
1780 1296 1833 1332 ut
1857 1285 2184 1339 mentiantur‚’'
2218 1299 2321 1331 xui
2344 1302 2355 1333 :
2381 1302 2433 1347 4,

418 1353 659 1417 prophetae
691 1369 778 1417 pro
816 1353 903 1400 illis
942 1353 1022 1416 qui
1054 1352 1220 1400 docent
1241 1368 1364 1409 vera,
1400 1353 1473 1399 hic
1498 1353 1579 1416 qui
1610 1350 1731 1410 falsa,
1767 1368 1829 1400 n:
1855 1369 1879 1401 2
1888 1368 1914 1415 5
1921 1368 2020 1414 34³
2056 1349 2170 1397 viiio
2191 1366 2276 1415 pro
2296 1352 2432 1409 veris,

416 1421 492 1468 hic
515 1436 600 1484 pro
623 1419 758 1477 falfis,
794 1421 948 1467 tunica
969 1418 1110 1483 pilosa
1131 1435 1218 1483 pro
1238 1418 1425 1467 naturali
1447 1419 1599 1483 quoad
1622 1434 1803 1475 verum,
1837 1420 1887 1466 δε
1910 1419 2017 1482 quia
2039 1433 2133 1465 non
2155 1434 2317 1464 verum
2339 1429 2435 1466 erat

416 1486 494 1534 sed
530 1485 709 1544 falsum,
745 1487 912 1534 dicitur
950 1499 1003 1534 ut
1040 1488 1352 1542 mentiantur;
1388 1485 1693 1534 induebantur
1731 1483 1894 1533 talibus
1933 1485 2187 1549 prophetae,
2224 1496 2277 1531 ut
2316 1484 2434 1533 illud
2491 1503 2494 1506 ⁴

414 1568 596 1610 verum,
647 1555 754 1616 quia
797 1565 1055 1608 externum,
1105 1552 1499 1615 repraesentarent:
1559 1552 1666 1600 ideo
1709 1568 1896 1616 quoque
1939 1548 2064 1599 Elias
2110 1551 2331 1601 Thesbita
2373 1566 2432 1600 ex

413 1621 586 1668 amictu
610 1621 686 1666 tali
710 1620 878 1666 dicitur
897 1621 974 1664 vir
989 1618 1199 1680 pilosus,'’
1236 1635 1267 1666 2
1288 1619 1425 1680 Reg:
1458 1634 1472 1664 1
1493 1636 1504 1666 z
1535 1622 1559 1666 8
1583 1637 1594 1666 ε
1633 1619 1681 1665 &
1706 1618 1954 1682 johannes,
1987 1620 2069 1682 qui
2092 1618 2430 1681 Prophetarum

413 1686 625 1743 ultimuS‚
661 1684 851 1733 habebat
887 1683 1211 1731 vestimentum
1251 1699 1308 1731 ex
1342 1683 1456 1732 Pilis
1492 1685 1722 1740 camelinis,
1759 1684 1947 1731 Matth:
1979 1700 2076 1733 111:
2103 1703 2154 1746 4,
2187 1683 2317 1748 quod
2342 1685 2431 1733 Ca-

411 1754 519 1801 meli
544 1753 631 1800 fint
653 1751 894 1800 scientifica
915 1753 962 1807 in
988 1751 1178 1799 naturali
1203 1750 1407 1808 homine,
1441 1751 1650 1799 videatur
1670 1767 1731 1798 n:
1760 1755 1905 1814 3048.
1933 1767 2078 1816 3071·
2106 1768 2250 1816 3143·
2281 1768 2430 1816 3145,

412 1820 465 1868 δι
486 1820 615 1884 quod
641 1819 881 1867 scientifica
917 1818 1005 1882 fibnt
1043 1818 1258 1866 naturalis
1297 1818 1651 1875 hominis-vera,
1687 1834 1746 1865 n:
1775 1834 1939 1884 3293„
1990 1818 2140 1880 Quod
2165 1819 2315 1866 Crinis
2339 1818 2430 1884 fig·
2473 1871 2489 1881 ·

412 1886 667 1933 nificaverit
690 1885 885 1933 naturale
907 1885 1061 1948 quoad
1083 1901 1266 1942 verum,
1301 1884 1475 1933 constat
1512 1883 1745 1933 manifeste
1783 1901 1808 1932 a
1830 1885 2074 1943 Naziraeis,
2108 1884 2276 1949 quibus
2300 1901 2430 1934 man-

411 1953 591 2010 datum,
627 1952 756 2019 quod
780 1951 997 1999 omnibus
1019 1951 1180 1999 diebus
1204 1952 1476 2000 naziraeatus
1494 1968 1673 2010 eorum,
1709 1952 1920 2000 novacula
1953 1968 2034 2000 non
2066 1951 2267 2012 trarfiret
2294 1954 2430 2016 saper

411 2030 543 2082 caput
567 2035 724 2076 eorum,
761 2018 900 2081 usque
938 2019 1054 2066 dum
1094 2018 1281 2082 impleti·
1305 2017 1485 2067 fuissent
1508 2020 1621 2076 dies,
1655 2018 1823 2084 quibus
1847 2018 1889 2067 se
1921 2017 2192 2068 abstinerent
2213 2017 2426 2081 Jehovae,

414 2088 465 2135 &
489 2099 599 2135 tunc
622 2087 914 2133 demitterent
937 2100 1122 2132 comam
1146 2086 1307 2148 capitis
1335 2085 1418 2143 sui,
1453 2087 1505 2134 &
1529 2087 1656 2150 quod
1679 2099 1791 2135 tunc
1811 2086 1868 2135 ad
1890 2081 2060 2135 ostium
2081 2083 2292 2135 Tentorii
2315 2103 2426 2135 con-

411 2166 575 2201 ventus
596 2162 724 2214 caput
742 2152 1034 2201 Naziraeatus
1059 2152 1136 2214 sui
1169 2152 1404 2208 tonderent,
1440 2153 1489 2198 &
1514 2156 1671 2201 crinem
1693 2166 1804 2202 tunc
1826 2153 1984 2201 darent
2006 2151 2138 2219 super
2163 2155 2318 2218 ignem
2342 2156 2424 2219 qui

393 2220 494 2268 -sub
517 2220 731 2268 sacrificio
754 2218 1060 2275 eucharistico,
1086 2218 1219 2265 Num
1240 2236 1252 2265 ε
1279 2234 1334 2264 vi
1357 2237 1369 2266 ε
1398 2234 1443 2281 5.
1470 2223 1543 2268 18.
1570 2217 2059 2284 1-931repraesentabant
2081 2221 2147 2268 illi
2165 2223 2424 2269 Dominum

411 2288 570 2350 quoad·
590 2287 824 2333 Divinum·
846 2287 1143 2342 Humanum,
1179 2301 1230 2332 ac
1263 2285 1368 2332 inde
1388 2283 1606 2333 Coelestis
1622 2285 1839 2334 Ecclesiae
1870 2285 2127 2345 hominem,
2163 2289 2244 2352 qui
2265 2286 2423 2336 fimili·

413 2353 531 2401 t-ud'o
552 2354 763 2409 Domini,
799 2365 857 2399 n:
887 2370 967 2414 51,
1017 2353 1071 2398 δε.
1107 2351 1305 2399 naturale
1348 2351 1469 2399 illius
1508 2351 1712 2400 hominist
1749 2368 1831 2416 per
1875 2354 2084 2410 crinem3
2135 2370 2274 2418 quare
2311 2370 2420 2401 cum

411 2419 806 2475 sanctificarentur,
854 2419 1102 2465 naturalem
1145 2419 1276 2464 suum
1317 2417 1557 2466 hominem
1591 2431 1793 2466 veterem
1826 2417 1900 2466 seu
1936 2419 2155 2483 priorem,
2201 2422 2248 2467 in
2278 2431 2421 2483 quem

411 2488 504 2533 nati
532 2498 673 2542 erant,
708 2498 936 2542 exuerent,
973 2501 1022 2532 ac
1046 2501 1228 2532 novum·
1248 2485 1519 2542 induerent3
1563 2485 1690 2549 quod
1724 2484 2028 2548 significatum
2063 2482 2127 2533 est
2158 2502 2240 2550 pei:
2270 2487 2418 2551 quod,

410 2569 519 2600 cum
543 2553 721 2615 impleti
757 2553 893 2599 effent
923 2552 1033 2607 dies,
1070 2551 1239 2614 quibus
1271 2549 1313 2598 se
1343 2551 1611 2599 abstinerent
1634 2551 1844 2614 Jehoyae,
1877 2551 2143 2600 demitterent
2163 2570 2320 2601 comam
2344 2571 2419 2602 ca-

401 2621 515 2681 pitis
536 2617 619 2675 sui,
654 2619 705 2666 δε
739 2619 896 2666 darent
928 2617 1058 2681 super
1094 2620 1255 2680 ignem
1294 2616 1380 2666 sub.
1414 2617 1663 2674 sacrifici03
1699 2619 1836 2666 status
1853 2620 1978 2666 enim
2001 2618 2202 2668 coelestis·
2217 2620 2420 2670 hominis

409 2685 490 2742 est,
526 2685 654 2749 quod
678 2686 724 2731 in
755 2685 879 2732 bono
908 2684 979 2741 fit,
1015 2685 1066 2731 δι
1088 2700 1146 2731 ex
1167 2684 1292 2732 bono
1320 2683 1438 2732 sciat
1465 2685 1624 2733 omnia
1659 2701 1783 2742 vera,
1816 2686 1867 2733 &
1891 2683 2115 2750 nusquam
2138 2702 2195 2733 ex
2218 2688 2335 2736 veris
2359 2688 2418 2736 de

408 2753 548 2809 bono,
585 2754 736 2799 minus
772 2769 829 2799 ex
865 2750 1116 2798 scientificis
1150 2751 1211 2798 de
1251 2750 1392 2809 bono,
1427 2754 1603 2815 cogitet
1633 2752 1683 2800 δε
1720 2751 1947 2815 loquatur,
1983 2753 2192 2800 videatur
2214 2771 2275 2802 n:
2303 2772 2415 2804 202.

410 2836 520 2884 317.
543 2830 685 2883 271'5.
713 2825 855 2883 2718.
879 2820 1041 2882 32463
1079 2831 1294 2881 praeterea
1331 2818 1534 2866 coelestes
1571 2819 1797 2875 hominm,
1832 2817 1934 2866 sunt
1964 2819 2074 2867 tales
2110 2821 2255 2884 quod,
2291 2835 2415 2870 ante·

408 2901 548 2949 quam
572 2900 746 2933 exuunt
767 2886 899 2932 illum
923 2885 1109 2941 statum,
1146 2886 1190 2931 in
1216 2885 1407 2932 naturali
1432 2898 1527 2932 tam
1564 2884 1671 2934 forti
1704 2886 1856 2950 quoad
1882 2902 2043 2933 verum
2075 2886 2177 2944 lint,
2212 2900 2265 2934 ut
2293 2905 2414 2952 pug-

410 2967 514 2999 nare
538 2956 704 3015 poffint
735 2968 845 2999 cum
875 2950 1076 3009 infernis,
1111 2968 1219 2999 nam
1255 2967 1417 2999 verum
1456 2951 1520 2999 est
1551 2953 1680 3017 quod
1719 2965 1912 3016 pugnat,
1964 2952 2183 3016 nusquam
2219 2954 2413 3014 bonum,

407 3018 466 3064 ad
504 3017 679 3066 bonum
720 3018 891 3067 inferna
930 3036 986 3067 ne
1023 3019 1214 3083 quidem
1247 3035 1272 3066 e
1308 3019 1564 3083 longinquo
1602 3020 1811 3068 accedere
1847 3019 2061 3083 possunt3
2098 3021 2222 3084 quod
2249 3038 2413 3070 verum

406 3084 496 3130 tale
534 3084 604 3140 fit,
638 3086 689 3133 δε
730 3086 903 3133 bonum
943 3086 1045 3142 tale,
1081 3086 1289 3133 videatur
1325 3102 1383 3134 n:
1417 3103 1557 3151 1950.
1589 3103 1728 3153 195¹·
1799 3087 1911 3134 Inde
1949 3098 2091 3150 patet,
2127 3088 2249 3135 unde
2273 3088 2413 3136 robur

409 3148 601 3198 Simsoni
640 3167 697 3200 ex·
726 3155 856 3212 crine,
892 3153 948 3202 de
985 3168 1081 3217 quo
1117 3154 1197 3213 ita,-
1232 3158 1266 3181 “
1292 3154 1526 3268 Alplpalruit
1551 3153 1762 3220 Angelus
1785 3153 1978 3217 Jehovae
2023 3156 2154 3203 matri
2176 3153 2411 3266 Singsoniffi

1481 3237 1508 3269 2
2277 3235 2416 3278 icem,
