<?xml version="1.0" encoding="UTF-8"?>
<!DOCTYPE html PUBLIC "-//W3C//DTD XHTML 1.0 Transitional//EN"
    "http://www.w3.org/TR/xhtml1/DTD/xhtml1-transitional.dtd">
<html xmlns="http://www.w3.org/1999/xhtml" xml:lang="en" lang="en">
 <head>
  <title>
</title>
<meta http-equiv="Content-Type" content="text/html;charset=utf-8" />
  <meta name='ocr-system' content='tesseract 3.04.00' />
  <meta name='ocr-capabilities' content='ocr_page ocr_carea ocr_par ocr_line ocrx_word'/>
</head>
<body>
  <div class='ocr_page' id='page_1' title='image "arcanacaelestiaq03sweduoft_0045.png"; bbox 0 0 2872 3730; ppageno 0'>
   <div class='ocr_carea' id='block_1_1' title="bbox 573 227 2395 314">
    <p class='ocr_par' dir='ltr' id='par_1_1' title="bbox 573 180 2395 314">
     <span class='ocr_line' id='line_1_1' title="bbox 573 227 2395 314; baseline -0.002 -14"><span class='ocrx_word' id='word_1_1' title='bbox 573 232 928 300; x_wconf 81' lang='lat' dir='ltr'>CAPUT</span> <span class='ocrx_word' id='word_1_2' title='bbox 978 227 1586 310; x_wconf 70' lang='lat' dir='ltr'>vamMUM</span> <span class='ocrx_word' id='word_1_3' title='bbox 1642 227 2229 294; x_wconf 77' lang='lat' dir='ltr'>SECUNDUM.</span> <span class='ocrx_word' id='word_1_4' title='bbox 2308 255 2395 314; x_wconf 87' lang='lat'>41</span> 
     </span>
    </p>
   </div>
   <div class='ocr_carea' id='block_1_2' title="bbox 394 345 2397 499">
    <p class='ocr_par' dir='ltr' id='par_1_2' title="bbox 394 345 2397 499">
     <span class='ocr_line' id='line_1_2' title="bbox 394 345 2396 431; baseline -0.002 -12"><span class='ocrx_word' id='word_1_5' title='bbox 394 381 532 428; x_wconf 81' lang='lat' dir='ltr'>tuum,</span> <span class='ocrx_word' id='word_1_6' title='bbox 565 371 738 418; x_wconf 69' lang='lat' dir='ltr'>unicam</span> <span class='ocrx_word' id='word_1_7' title='bbox 763 368 886 414; x_wconf 67' lang='lat' dir='ltr'>ticum</span> <span class='ocrx_word' id='word_1_8' title='bbox 916 379 949 411; x_wconf 77' lang='lat' dir='ltr'>a</span> <span class='ocrx_word' id='word_1_9' title='bbox 972 367 1068 413; x_wconf 70' lang='grc' dir='ltr'>Μ.</span> <span class='ocrx_word' id='word_1_10' title='bbox 1138 364 1273 412; x_wconf 81' lang='lat' dir='ltr'>Dixit</span> <span class='ocrx_word' id='word_1_11' title='bbox 1294 378 1353 411; x_wconf 91' lang='lat' dir='ltr'>ne</span> <span class='ocrx_word' id='word_1_12' title='bbox 1377 364 1530 411; x_wconf 86' lang='lat' dir='ltr'>mittas</span> <span class='ocrx_word' id='word_1_13' title='bbox 1554 377 1743 412; x_wconf 84' lang='lat' dir='ltr'>manum</span> <span class='ocrx_word' id='word_1_14' title='bbox 1769 376 1906 410; x_wconf 89' lang='lat' dir='ltr'>tuum</span> <span class='ocrx_word' id='word_1_15' title='bbox 1929 345 1985 410; x_wconf 53' lang='lat' dir='ltr'>aii</span> <span class='ocrx_word' id='word_1_16' title='bbox 2010 376 2222 426; x_wconf 83' lang='lat' dir='ltr'>puerum,</span> <span class='ocrx_word' id='word_1_17' title='bbox 2258 367 2396 431; x_wconf 84' lang='lat' dir='ltr'>figni-</span> 
     </span>
     <span class='ocr_line' id='line_1_3' title="bbox 395 430 2397 499; baseline -0.002 -13"><span class='ocrx_word' id='word_1_18' title='bbox 395 438 503 486; x_wconf 86' lang='lat' dir='ltr'>ficat</span> <span class='ocrx_word' id='word_1_19' title='bbox 521 435 652 499; x_wconf 82' lang='lat' dir='ltr'>quod</span> <span class='ocrx_word' id='word_1_20' title='bbox 674 449 771 482; x_wconf 87' lang='lat' dir='ltr'>non·</span> <span class='ocrx_word' id='word_1_21' title='bbox 789 432 979 480; x_wconf 75' lang='lat' dir='ltr'>ulterius</span> <span class='ocrx_word' id='word_1_22' title='bbox 1001 430 1253 477; x_wconf 83' lang='lat' dir='ltr'>admitterit</span> <span class='ocrx_word' id='word_1_23' title='bbox 1274 433 1569 478; x_wconf 81' lang='lat' dir='ltr'>tentationem</span> <span class='ocrx_word' id='word_1_24' title='bbox 1598 431 1647 476; x_wconf 88' lang='lat' dir='ltr'>in</span> <span class='ocrx_word' id='word_1_25' title='bbox 1671 430 1851 476; x_wconf 88' lang='lat' dir='ltr'>Verum</span> <span class='ocrx_word' id='word_1_26' title='bbox 1871 430 2119 487; x_wconf 82' lang='lat' dir='ltr'>Divinum,</span> <span class='ocrx_word' id='word_1_27' title='bbox 2153 433 2279 494; x_wconf 90' lang='lat' dir='ltr'>quod</span> <span class='ocrx_word' id='word_1_28' title='bbox 2303 437 2397 482; x_wconf 89' lang='lat' dir='ltr'>Ra-</span> 
     </span>
    </p>
   </div>
   <div class='ocr_carea' id='block_1_3' title="bbox 330 495 2398 633">
    <p class='ocr_par' dir='ltr' id='par_1_3' title="bbox 330 495 2398 633">
     <span class='ocr_line' id='line_1_4' title="bbox 330 495 2397 560; baseline -0.001 -10"><span class='ocrx_word' id='word_1_29' title='bbox 330 517 333 521; x_wconf 87' lang='grc'><strong>’</strong></span> <span class='ocrx_word' id='word_1_30' title='bbox 395 501 578 552; x_wconf 83' lang='lat' dir='ltr'>tionali:</span> <span class='ocrx_word' id='word_1_31' title='bbox 609 501 664 555; x_wconf 72' lang='grc' dir='ltr'>,ὅτ</span> <span class='ocrx_word' id='word_1_32' title='bbox 703 515 761 547; x_wconf 90' lang='lat' dir='ltr'>ne</span> <span class='ocrx_word' id='word_1_33' title='bbox 797 497 934 545; x_wconf 81' lang='lat' dir='ltr'>facias</span> <span class='ocrx_word' id='word_1_34' title='bbox 974 496 1041 544; x_wconf 91' lang='lat' dir='ltr'>illi</span> <span class='ocrx_word' id='word_1_35' title='bbox 1078 498 1349 560; x_wconf 79' lang='lat' dir='ltr'>quicquam,</span> <span class='ocrx_word' id='word_1_36' title='bbox 1380 496 1604 560; x_wconf 84' lang='lat' dir='ltr'>fignificat</span> <span class='ocrx_word' id='word_1_37' title='bbox 1636 495 1975 544; x_wconf 82' lang='lat' dir='ltr'>liberationem:</span> <span class='ocrx_word' id='word_1_38' title='bbox 2012 498 2119 559; x_wconf 87' lang='lat' dir='ltr'>quia</span> <span class='ocrx_word' id='word_1_39' title='bbox 2140 514 2260 546; x_wconf 89' lang='lat' dir='ltr'>nunc</span> <span class='ocrx_word' id='word_1_40' title='bbox 2284 502 2397 547; x_wconf 89' lang='lat' dir='ltr'>novi</span> 
     </span>
     <span class='ocr_line' id='line_1_5' title="bbox 375 562 2398 633; baseline -0.001 -17"><span class='ocrx_word' id='word_1_41' title='bbox 375 568 524 633; x_wconf 6' lang='lat' dir='ltr'>,quod</span> <span class='ocrx_word' id='word_1_42' title='bbox 561 568 724 615; x_wconf 88' lang='lat' dir='ltr'>timeas</span> <span class='ocrx_word' id='word_1_43' title='bbox 758 565 917 613; x_wconf 83' lang='lat' dir='ltr'>Deum</span> <span class='ocrx_word' id='word_1_44' title='bbox 946 575 1016 621; x_wconf 88' lang='lat' dir='ltr'>tu,</span> <span class='ocrx_word' id='word_1_45' title='bbox 1050 562 1275 627; x_wconf 82' lang='lat' dir='ltr'>fignificat</span> <span class='ocrx_word' id='word_1_46' title='bbox 1306 562 1685 627; x_wconf 86' lang='lat' dir='ltr'>glorificationem</span> <span class='ocrx_word' id='word_1_47' title='bbox 1707 578 1767 610; x_wconf 86' lang='lat' dir='ltr'>ex</span> <span class='ocrx_word' id='word_1_48' title='bbox 1790 565 1968 611; x_wconf 81' lang='lat' dir='ltr'>Amore</span> <span class='ocrx_word' id='word_1_49' title='bbox 1990 563 2194 611; x_wconf 89' lang='lat' dir='ltr'>Divino:</span> <span class='ocrx_word' id='word_1_50' title='bbox 2232 566 2281 612; x_wconf 74' lang='grc' dir='ltr'>ὅτ</span> <span class='ocrx_word' id='word_1_51' title='bbox 2306 582 2398 613; x_wconf 90' lang='lat' dir='ltr'>non</span> 
     </span>
    </p>
   </div>
   <div class='ocr_carea' id='block_1_4' title="bbox 396 628 2399 891">
    <p class='ocr_par' dir='ltr' id='par_1_4' title="bbox 396 628 2397 763">
     <span class='ocr_line' id='line_1_6' title="bbox 396 628 2397 692; baseline -0.002 -9"><span class='ocrx_word' id='word_1_52' title='bbox 396 633 635 684; x_wconf 85' lang='lat' dir='ltr'>cohibuisti</span> <span class='ocrx_word' id='word_1_53' title='bbox 673 631 824 679; x_wconf 79' lang='lat' dir='ltr'>filiurn</span> <span class='ocrx_word' id='word_1_54' title='bbox 862 643 1016 687; x_wconf 83' lang='lat' dir='ltr'>tuum,</span> <span class='ocrx_word' id='word_1_55' title='bbox 1049 631 1242 677; x_wconf 88' lang='lat' dir='ltr'>unicum</span> <span class='ocrx_word' id='word_1_56' title='bbox 1275 642 1428 686; x_wconf 89' lang='lat' dir='ltr'>tuum,</span> <span class='ocrx_word' id='word_1_57' title='bbox 1463 646 1491 677; x_wconf 89' lang='lat' dir='ltr'>a</span> <span class='ocrx_word' id='word_1_58' title='bbox 1514 630 1618 687; x_wconf 91' lang='lat' dir='ltr'>Me,</span> <span class='ocrx_word' id='word_1_59' title='bbox 1654 628 1878 692; x_wconf 88' lang='lat' dir='ltr'>fignificat</span> <span class='ocrx_word' id='word_1_60' title='bbox 1908 630 2163 677; x_wconf 84' lang='lat' dir='ltr'>unitionem</span> <span class='ocrx_word' id='word_1_61' title='bbox 2186 629 2397 679; x_wconf 84' lang='lat' dir='ltr'>Humani</span> 
     </span>
     <span class='ocr_line' id='line_1_7' title="bbox 396 696 1348 763; baseline -0.007 -13"><span class='ocrx_word' id='word_1_62' title='bbox 396 716 506 750; x_wconf 87' lang='lat' dir='ltr'>cum</span> <span class='ocrx_word' id='word_1_63' title='bbox 520 701 707 748; x_wconf 81' lang='lat' dir='ltr'>Divino</span> <span class='ocrx_word' id='word_1_64' title='bbox 726 713 808 763; x_wconf 88' lang='lat' dir='ltr'>per</span> <span class='ocrx_word' id='word_1_65' title='bbox 828 696 1051 744; x_wconf 85' lang='lat' dir='ltr'>ultimum</span> <span class='ocrx_word' id='word_1_66' title='bbox 1074 698 1348 744; x_wconf 80' lang='lat' dir='ltr'>tentationis,</span> 
     </span>
    </p>

    <p class='ocr_par' dir='ltr' id='par_1_5' title="bbox 398 761 2399 891">
     <span class='ocr_line' id='line_1_8' title="bbox 467 761 2396 828; baseline -0.003 -12"><span class='ocrx_word' id='word_1_67' title='bbox 467 770 612 827; x_wconf 64' lang='lat'>2824:</span> <span class='ocrx_word' id='word_1_68' title='bbox 649 765 715 814; x_wconf 91' lang='lat' dir='ltr'>Et</span> <span class='ocrx_word' id='word_1_69' title='bbox 738 764 856 812; x_wconf 82' lang='lat' dir='ltr'>dixit</span> <span class='ocrx_word' id='word_1_70' title='bbox 878 779 936 811; x_wconf 89' lang='lat' dir='ltr'>ne</span> <span class='ocrx_word' id='word_1_71' title='bbox 958 764 1114 811; x_wconf 85' lang='lat' dir='ltr'>mittas</span> <span class='ocrx_word' id='word_1_72' title='bbox 1146 778 1338 811; x_wconf 87' lang='lat' dir='ltr'>manum</span> <span class='ocrx_word' id='word_1_73' title='bbox 1370 775 1497 810; x_wconf 82' lang='lat' dir='ltr'>tuam</span> <span class='ocrx_word' id='word_1_74' title='bbox 1517 761 1574 809; x_wconf 87' lang='lat' dir='ltr'>ad</span> <span class='ocrx_word' id='word_1_75' title='bbox 1598 776 1813 826; x_wconf 85' lang='lat' dir='ltr'>puerum,</span> <span class='ocrx_word' id='word_1_76' title='bbox 1846 763 1976 826; x_wconf 87' lang='lat' dir='ltr'>quod</span> <span class='ocrx_word' id='word_1_77' title='bbox 2016 762 2239 826; x_wconf 83' lang='lat' dir='ltr'>fignifieet</span> <span class='ocrx_word' id='word_1_78' title='bbox 2270 764 2396 828; x_wconf 90' lang='lat' dir='ltr'>quod</span> 
     </span>
     <span class='ocr_line' id='line_1_9' title="bbox 398 829 2399 891; baseline -0.002 -9"><span class='ocrx_word' id='word_1_79' title='bbox 398 849 493 882; x_wconf 91' lang='lat' dir='ltr'>non</span> <span class='ocrx_word' id='word_1_80' title='bbox 513 833 702 881; x_wconf 81' lang='lat' dir='ltr'>ulterius</span> <span class='ocrx_word' id='word_1_81' title='bbox 733 830 990 879; x_wconf 86' lang='lat' dir='ltr'>admitteret</span> <span class='ocrx_word' id='word_1_82' title='bbox 1010 831 1310 878; x_wconf 86' lang='lat' dir='ltr'>tentationem</span> <span class='ocrx_word' id='word_1_83' title='bbox 1333 831 1381 877; x_wconf 89' lang='lat' dir='ltr'>in</span> <span class='ocrx_word' id='word_1_84' title='bbox 1402 829 1835 882; x_wconf 77' lang='lat' dir='ltr'>VerumDivinum</span> <span class='ocrx_word' id='word_1_85' title='bbox 1857 829 1986 891; x_wconf 89' lang='lat' dir='ltr'>quod</span> <span class='ocrx_word' id='word_1_86' title='bbox 2010 831 2264 887; x_wconf 89' lang='lat' dir='ltr'>Rationali,.</span> <span class='ocrx_word' id='word_1_87' title='bbox 2291 846 2399 878; x_wconf 91' lang='lat' dir='ltr'>con-</span> 
     </span>
    </p>
   </div>
   <div class='ocr_carea' id='block_1_5' title="bbox 320 894 2404 963">
    <p class='ocr_par' dir='ltr' id='par_1_6' title="bbox 320 894 2404 963">
     <span class='ocr_line' id='line_1_10' title="bbox 320 894 2404 963; baseline -0.003 -14"><span class='ocrx_word' id='word_1_88' title='bbox 320 926 325 933; x_wconf 77' lang='lat'>=</span> <span class='ocrx_word' id='word_1_89' title='bbox 398 899 486 950; x_wconf 86' lang='lat' dir='ltr'>stat</span> <span class='ocrx_word' id='word_1_90' title='bbox 505 915 534 947; x_wconf 87' lang='lat' dir='ltr'>a</span> <span class='ocrx_word' id='word_1_91' title='bbox 552 898 878 963; x_wconf 78' lang='lat' dir='ltr'>significatione</span> <span class='ocrx_word' id='word_1_92' title='bbox 919 898 1100 945; x_wconf 87' lang='lat' dir='ltr'>mittere</span> <span class='ocrx_word' id='word_1_93' title='bbox 1139 911 1349 953; x_wconf 85' lang='lat' dir='ltr'>manum,</span> <span class='ocrx_word' id='word_1_94' title='bbox 1382 895 1514 959; x_wconf 88' lang='lat' dir='ltr'>quod</span> <span class='ocrx_word' id='word_1_95' title='bbox 1544 894 1599 942; x_wconf 88' lang='lat' dir='ltr'>fit</span> <span class='ocrx_word' id='word_1_96' title='bbox 1621 897 1812 942; x_wconf 84' lang='lat' dir='ltr'>tentatio</span> <span class='ocrx_word' id='word_1_97' title='bbox 1834 895 1974 959; x_wconf 89' lang='lat' dir='ltr'>usque</span> <span class='ocrx_word' id='word_1_98' title='bbox 1995 896 2051 942; x_wconf 89' lang='lat' dir='ltr'>ad</span> <span class='ocrx_word' id='word_1_99' title='bbox 2076 896 2295 943; x_wconf 87' lang='lat' dir='ltr'>ultimum</span> <span class='ocrx_word' id='word_1_100' title='bbox 2317 913 2404 960; x_wconf 88' lang='lat' dir='ltr'>po-</span> 
     </span>
    </p>
   </div>
   <div class='ocr_carea' id='block_1_6' title="bbox 397 961 2483 1624">
    <p class='ocr_par' dir='ltr' id='par_1_7' title="bbox 397 961 2401 1165">
     <span class='ocr_line' id='line_1_11' title="bbox 399 961 2400 1029; baseline -0.003 -13"><span class='ocrx_word' id='word_1_101' title='bbox 399 967 573 1024; x_wconf 80' lang='lat' dir='ltr'>oentiae,</span> <span class='ocrx_word' id='word_1_102' title='bbox 607 965 667 1014; x_wconf 89' lang='lat' dir='ltr'>de</span> <span class='ocrx_word' id='word_1_103' title='bbox 687 979 779 1029; x_wconf 86' lang='lat' dir='ltr'>qua</span> <span class='ocrx_word' id='word_1_104' title='bbox 799 979 913 1012; x_wconf 82' lang='lat' dir='ltr'>mox</span> <span class='ocrx_word' id='word_1_105' title='bbox 935 961 1067 1027; x_wconf 84' lang='lat' dir='ltr'>supra</span> <span class='ocrx_word' id='word_1_106' title='bbox 1088 978 1148 1011; x_wconf 85' lang='lat' dir='ltr'>n:</span> <span class='ocrx_word' id='word_1_107' title='bbox 1175 964 1321 1020; x_wconf 84' lang='grc'><strong>2816,</strong></span> <span class='ocrx_word' id='word_1_108' title='bbox 1344 963 1400 1010; x_wconf 72' lang='grc' dir='ltr'>δι’</span> <span class='ocrx_word' id='word_1_109' title='bbox 1417 976 1444 1009; x_wconf 86' lang='lat' dir='ltr'>a</span> <span class='ocrx_word' id='word_1_110' title='bbox 1466 961 1792 1026; x_wconf 64' lang='lat' dir='ltr'>significatione</span> <span class='ocrx_word' id='word_1_111' title='bbox 1811 963 1958 1025; x_wconf 87' lang='lat' dir='ltr'>pueri,</span> <span class='ocrx_word' id='word_1_112' title='bbox 1994 961 2067 1010; x_wconf 91' lang='lat' dir='ltr'>seu</span> <span class='ocrx_word' id='word_1_113' title='bbox 2085 962 2286 1023; x_wconf 86' lang='lat' dir='ltr'>Jischaki</span> <span class='ocrx_word' id='word_1_114' title='bbox 2309 964 2400 1020; x_wconf 83' lang='lat' dir='ltr'>hic,</span> 
     </span>
     <span class='ocr_line' id='line_1_12' title="bbox 399 1027 2401 1099; baseline -0.002 -18"><span class='ocrx_word' id='word_1_115' title='bbox 399 1033 530 1099; x_wconf 86' lang='lat' dir='ltr'>quod</span> <span class='ocrx_word' id='word_1_116' title='bbox 552 1032 607 1080; x_wconf 81' lang='lat' dir='ltr'>fit</span> <span class='ocrx_word' id='word_1_117' title='bbox 626 1028 864 1079; x_wconf 71' lang='lat' dir='ltr'>Rationale</span> <span class='ocrx_word' id='word_1_118' title='bbox 886 1029 1043 1094; x_wconf 84' lang='lat' dir='ltr'>quoad</span> <span class='ocrx_word' id='word_1_119' title='bbox 1061 1029 1238 1077; x_wconf 85' lang='lat' dir='ltr'>Verum</span> <span class='ocrx_word' id='word_1_120' title='bbox 1265 1030 1510 1085; x_wconf 87' lang='lat' dir='ltr'>Divinum,</span> <span class='ocrx_word' id='word_1_121' title='bbox 1545 1030 1593 1075; x_wconf 90' lang='lat' dir='ltr'>in</span> <span class='ocrx_word' id='word_1_122' title='bbox 1615 1027 1743 1092; x_wconf 87' lang='lat' dir='ltr'>quod</span> <span class='ocrx_word' id='word_1_123' title='bbox 1783 1027 1986 1075; x_wconf 82' lang='lat' dir='ltr'>admiffae</span> <span class='ocrx_word' id='word_1_124' title='bbox 2024 1030 2308 1087; x_wconf 72' lang='lat' dir='ltr'>tentatione5‚</span> <span class='ocrx_word' id='word_1_125' title='bbox 2343 1030 2401 1076; x_wconf 86' lang='lat' dir='ltr'>de</span> 
     </span>
     <span class='ocr_line' id='line_1_13' title="bbox 397 1098 1236 1165; baseline -0.006 -17"><span class='ocrx_word' id='word_1_126' title='bbox 397 1115 490 1165; x_wconf 86' lang='lat' dir='ltr'>qua</span> <span class='ocrx_word' id='word_1_127' title='bbox 506 1115 570 1148; x_wconf 81' lang='lat' dir='ltr'>n:</span> <span class='ocrx_word' id='word_1_128' title='bbox 598 1103 744 1162; x_wconf 82' lang='lat'><strong>2803.</strong></span> <span class='ocrx_word' id='word_1_129' title='bbox 762 1101 907 1160; x_wconf 84' lang='lat'><em>2813.</em></span> <span class='ocrx_word' id='word_1_130' title='bbox 927 1100 1070 1157; x_wconf 85' lang='lat'>2814.</span> <span class='ocrx_word' id='word_1_131' title='bbox 1092 1098 1236 1160; x_wconf 85' lang='lat'>2817.</span> 
     </span>
    </p>

    <p class='ocr_par' dir='ltr' id='par_1_8' title="bbox 403 1159 2405 1357">
     <span class='ocr_line' id='line_1_14' title="bbox 419 1159 2405 1230; baseline 0.002 -23"><span class='ocrx_word' id='word_1_132' title='bbox 419 1171 614 1230; x_wconf 78' lang='lat'><strong>·-2825·</strong></span> <span class='ocrx_word' id='word_1_133' title='bbox 649 1164 716 1213; x_wconf 88' lang='lat' dir='ltr'>Et</span> <span class='ocrx_word' id='word_1_134' title='bbox 750 1177 807 1211; x_wconf 88' lang='lat' dir='ltr'>ne</span> <span class='ocrx_word' id='word_1_135' title='bbox 836 1161 970 1210; x_wconf 81' lang='lat' dir='ltr'>facias</span> <span class='ocrx_word' id='word_1_136' title='bbox 1007 1162 1076 1209; x_wconf 91' lang='lat' dir='ltr'>illi</span> <span class='ocrx_word' id='word_1_137' title='bbox 1110 1163 1380 1226; x_wconf 85' lang='lat' dir='ltr'>quicquam,</span> <span class='ocrx_word' id='word_1_138' title='bbox 1414 1161 1542 1224; x_wconf 87' lang='lat' dir='ltr'>quod</span> <span class='ocrx_word' id='word_1_139' title='bbox 1579 1159 1802 1223; x_wconf 73' lang='lat' dir='ltr'>significet</span> <span class='ocrx_word' id='word_1_140' title='bbox 1836 1159 2167 1220; x_wconf 83' lang='lat' dir='ltr'>liberationem,</span> <span class='ocrx_word' id='word_1_141' title='bbox 2202 1162 2405 1210; x_wconf 84' lang='lat' dir='ltr'>constare</span> 
     </span>
     <span class='ocr_line' id='line_1_15' title="bbox 403 1226 2404 1297; baseline -0.001 -18"><span class='ocrx_word' id='word_1_142' title='bbox 403 1231 551 1297; x_wconf 88' lang='lat' dir='ltr'>potest</span> <span class='ocrx_word' id='word_1_143' title='bbox 586 1228 755 1294; x_wconf 80' lang='lat' dir='ltr'>absque</span> <span class='ocrx_word' id='word_1_144' title='bbox 787 1228 1088 1292; x_wconf 59' lang='lat' dir='ltr'>explicatione</span> <span class='ocrx_word' id='word_1_145' title='bbox 1106 1251 1122 1283; x_wconf 87' lang='lat'>;</span> <span class='ocrx_word' id='word_1_146' title='bbox 1158 1243 1269 1275; x_wconf 88' lang='lat' dir='ltr'>curn</span> <span class='ocrx_word' id='word_1_147' title='bbox 1301 1227 1625 1275; x_wconf 84' lang='lat' dir='ltr'>enim-dicitur</span> <span class='ocrx_word' id='word_1_148' title='bbox 1652 1226 1781 1291; x_wconf 81' lang='lat' dir='ltr'>quod</span> <span class='ocrx_word' id='word_1_149' title='bbox 1805 1227 1917 1275; x_wconf 87' lang='lat' dir='ltr'>nihil</span> <span class='ocrx_word' id='word_1_150' title='bbox 1940 1228 1980 1275; x_wconf 83' lang='lat' dir='ltr'>ei</span> <span class='ocrx_word' id='word_1_151' title='bbox 2003 1226 2156 1286; x_wconf 89' lang='lat' dir='ltr'>faciet,</span> <span class='ocrx_word' id='word_1_152' title='bbox 2187 1227 2253 1276; x_wconf 89' lang='lat' dir='ltr'>est</span> <span class='ocrx_word' id='word_1_153' title='bbox 2274 1229 2404 1292; x_wconf 88' lang='lat' dir='ltr'>quod</span> 
     </span>
     <span class='ocr_line' id='line_1_16' title="bbox 404 1292 1433 1357; baseline -0.006 -10"><span class='ocrx_word' id='word_1_154' title='bbox 404 1300 529 1347; x_wconf 62' lang='lat' dir='ltr'>aetus</span> <span class='ocrx_word' id='word_1_155' title='bbox 551 1296 891 1352; x_wconf 84' lang='lat' dir='ltr'>intermittetur,</span> <span class='ocrx_word' id='word_1_156' title='bbox 926 1296 989 1342; x_wconf 86' lang='lat' dir='ltr'>ita</span> <span class='ocrx_word' id='word_1_157' title='bbox 1007 1294 1135 1357; x_wconf 81' lang='lat' dir='ltr'>quod</span> <span class='ocrx_word' id='word_1_158' title='bbox 1160 1292 1433 1341; x_wconf 84' lang='lat' dir='ltr'>liberabitur.</span> 
     </span>
    </p>

    <p class='ocr_par' dir='ltr' id='par_1_9' title="bbox 405 1360 2483 1624">
     <span class='ocr_line' id='line_1_17' title="bbox 476 1360 2483 1426; baseline -0.003 -11"><span class='ocrx_word' id='word_1_159' title='bbox 476 1364 621 1415; x_wconf 79' lang='lat'>2826.</span> <span class='ocrx_word' id='word_1_160' title='bbox 656 1362 784 1422; x_wconf 86' lang='lat' dir='ltr'>Quia</span> <span class='ocrx_word' id='word_1_161' title='bbox 820 1376 944 1409; x_wconf 83' lang='lat' dir='ltr'>nunc</span> <span class='ocrx_word' id='word_1_162' title='bbox 983 1361 1093 1408; x_wconf 87' lang='lat' dir='ltr'>novi</span> <span class='ocrx_word' id='word_1_163' title='bbox 1123 1361 1252 1424; x_wconf 86' lang='lat' dir='ltr'>quod</span> <span class='ocrx_word' id='word_1_164' title='bbox 1288 1360 1454 1408; x_wconf 68' lang='lat' dir='ltr'>timeas</span> <span class='ocrx_word' id='word_1_165' title='bbox 1485 1360 1641 1406; x_wconf 90' lang='lat' dir='ltr'>Deum</span> <span class='ocrx_word' id='word_1_166' title='bbox 1678 1371 1748 1416; x_wconf 89' lang='lat' dir='ltr'>tu,</span> <span class='ocrx_word' id='word_1_167' title='bbox 1782 1360 1911 1423; x_wconf 90' lang='lat' dir='ltr'>quod</span> <span class='ocrx_word' id='word_1_168' title='bbox 1933 1361 2157 1426; x_wconf 83' lang='lat' dir='ltr'>fignificet</span> <span class='ocrx_word' id='word_1_169' title='bbox 2179 1361 2407 1425; x_wconf 76' lang='lat' dir='ltr'>glorifica-</span> <span class='ocrx_word' id='word_1_170' title='bbox 2478 1392 2483 1395; x_wconf 90' lang='lat'><em>-</em></span> 
     </span>
     <span class='ocr_line' id='line_1_18' title="bbox 405 1425 2405 1491; baseline -0.002 -11"><span class='ocrx_word' id='word_1_171' title='bbox 405 1432 580 1480; x_wconf 87' lang='lat' dir='ltr'>tionem</span> <span class='ocrx_word' id='word_1_172' title='bbox 613 1443 672 1477; x_wconf 83' lang='lat' dir='ltr'>ex</span> <span class='ocrx_word' id='word_1_173' title='bbox 695 1430 875 1476; x_wconf 83' lang='lat' dir='ltr'>Amore</span> <span class='ocrx_word' id='word_1_174' title='bbox 900 1428 1091 1483; x_wconf 83' lang='lat' dir='ltr'>Divino,</span> <span class='ocrx_word' id='word_1_175' title='bbox 1127 1426 1298 1474; x_wconf 86' lang='lat' dir='ltr'>constat</span> <span class='ocrx_word' id='word_1_176' title='bbox 1319 1442 1346 1474; x_wconf 90' lang='lat' dir='ltr'>a</span> <span class='ocrx_word' id='word_1_177' title='bbox 1367 1425 1693 1490; x_wconf 76' lang='lat' dir='ltr'>significatione</span> <span class='ocrx_word' id='word_1_178' title='bbox 1730 1426 1851 1474; x_wconf 82' lang='lat' dir='ltr'>noffe</span> <span class='ocrx_word' id='word_1_179' title='bbox 1888 1442 1997 1474; x_wconf 88' lang='lat' dir='ltr'>cum</span> <span class='ocrx_word' id='word_1_180' title='bbox 2036 1429 2311 1491; x_wconf 72' lang='lat' dir='ltr'>praedicatur</span> <span class='ocrx_word' id='word_1_181' title='bbox 2346 1429 2405 1477; x_wconf 84' lang='lat' dir='ltr'>de</span> 
     </span>
     <span class='ocr_line' id='line_1_19' title="bbox 406 1492 2408 1558; baseline -0.002 -12"><span class='ocrx_word' id='word_1_182' title='bbox 406 1497 584 1546; x_wconf 87' lang='lat' dir='ltr'>Divino</span> <span class='ocrx_word' id='word_1_183' title='bbox 621 1494 833 1551; x_wconf 84' lang='lat' dir='ltr'>Domini,</span> <span class='ocrx_word' id='word_1_184' title='bbox 882 1493 1013 1557; x_wconf 89' lang='lat' dir='ltr'>quod</span> <span class='ocrx_word' id='word_1_185' title='bbox 1051 1506 1144 1540; x_wconf 82' lang='lat' dir='ltr'>non</span> <span class='ocrx_word' id='word_1_186' title='bbox 1178 1492 1303 1540; x_wconf 83' lang='lat' dir='ltr'>aliud</span> <span class='ocrx_word' id='word_1_187' title='bbox 1341 1492 1397 1540; x_wconf 84' lang='lat' dir='ltr'>fit</span> <span class='ocrx_word' id='word_1_188' title='bbox 1433 1506 1573 1555; x_wconf 84' lang='lat' dir='ltr'>quam</span> <span class='ocrx_word' id='word_1_189' title='bbox 1611 1493 1745 1549; x_wconf 89' lang='lat' dir='ltr'>uniri,</span> <span class='ocrx_word' id='word_1_190' title='bbox 1782 1492 1858 1553; x_wconf 76' lang='lat' dir='ltr'>seu</span> <span class='ocrx_word' id='word_1_191' title='bbox 1894 1493 2022 1556; x_wconf 83' lang='lat' dir='ltr'>quod</span> <span class='ocrx_word' id='word_1_192' title='bbox 2055 1493 2197 1551; x_wconf 80' lang='lat' dir='ltr'>idem,</span> <span class='ocrx_word' id='word_1_193' title='bbox 2231 1495 2408 1558; x_wconf 69' lang='lat' dir='ltr'>glorifi-</span> 
     </span>
     <span class='ocr_line' id='line_1_20' title="bbox 406 1558 2408 1624; baseline -0.001 -13"><span class='ocrx_word' id='word_1_194' title='bbox 406 1565 515 1620; x_wconf 84' lang='lat' dir='ltr'>cari,</span> <span class='ocrx_word' id='word_1_195' title='bbox 549 1560 789 1609; x_wconf 80' lang='lat' dir='ltr'>uniebatur</span> <span class='ocrx_word' id='word_1_196' title='bbox 814 1560 941 1605; x_wconf 82' lang='lat' dir='ltr'>enim</span> <span class='ocrx_word' id='word_1_197' title='bbox 963 1558 1193 1605; x_wconf 85' lang='lat' dir='ltr'>Humano</span> <span class='ocrx_word' id='word_1_198' title='bbox 1217 1558 1392 1604; x_wconf 88' lang='lat' dir='ltr'>Divino</span> <span class='ocrx_word' id='word_1_199' title='bbox 1420 1572 1500 1620; x_wconf 89' lang='lat' dir='ltr'>per</span> <span class='ocrx_word' id='word_1_200' title='bbox 1528 1560 1811 1615; x_wconf 86' lang='lat' dir='ltr'>tentationes,</span> <span class='ocrx_word' id='word_1_201' title='bbox 1848 1575 1908 1606; x_wconf 90' lang='lat' dir='ltr'>n:</span> <span class='ocrx_word' id='word_1_202' title='bbox 1940 1575 2079 1624; x_wconf 87' lang='lat'>1737.</span> <span class='ocrx_word' id='word_1_203' title='bbox 2113 1565 2234 1623; x_wconf 83' lang='lat'>1813</span> <span class='ocrx_word' id='word_1_204' title='bbox 2257 1583 2272 1615; x_wconf 68' lang='grc' dir='ltr'><strong>ς</strong></span> <span class='ocrx_word' id='word_1_205' title='bbox 2307 1562 2358 1607; x_wconf 88' lang='lat'>&amp;</span> <span class='ocrx_word' id='word_1_206' title='bbox 2382 1579 2408 1609; x_wconf 88' lang='lat' dir='ltr'>a</span> 
     </span>
    </p>
   </div>
   <div class='ocr_carea' id='block_1_7' title="bbox 381 1620 2406 1692">
    <p class='ocr_par' dir='ltr' id='par_1_10' title="bbox 381 1620 2406 1692">
     <span class='ocr_line' id='line_1_21' title="bbox 381 1620 2406 1692; baseline -0.001 -15"><span class='ocrx_word' id='word_1_207' title='bbox 381 1627 732 1692; x_wconf 67' lang='lat' dir='ltr'>&#39;fignifioedme</span> <span class='ocrx_word' id='word_1_208' title='bbox 769 1625 929 1671; x_wconf 81' lang='lat' dir='ltr'>timere</span> <span class='ocrx_word' id='word_1_209' title='bbox 969 1620 1144 1680; x_wconf 83' lang='lat' dir='ltr'>Deum,</span> <span class='ocrx_word' id='word_1_210' title='bbox 1179 1622 1254 1670; x_wconf 84' lang='lat' dir='ltr'>seu</span> <span class='ocrx_word' id='word_1_211' title='bbox 1292 1624 1472 1670; x_wconf 84' lang='lat' dir='ltr'>timoris</span> <span class='ocrx_word' id='word_1_212' title='bbox 1510 1623 1617 1680; x_wconf 84' lang='lat' dir='ltr'>Dei,</span> <span class='ocrx_word' id='word_1_213' title='bbox 1652 1623 1781 1687; x_wconf 88' lang='lat' dir='ltr'>quod</span> <span class='ocrx_word' id='word_1_214' title='bbox 1813 1624 1887 1671; x_wconf 88' lang='lat' dir='ltr'>hic</span> <span class='ocrx_word' id='word_1_215' title='bbox 1919 1624 1972 1672; x_wconf 77' lang='lat' dir='ltr'>sit</span> <span class='ocrx_word' id='word_1_216' title='bbox 1996 1628 2151 1673; x_wconf 83' lang='lat' dir='ltr'>Amor</span> <span class='ocrx_word' id='word_1_217' title='bbox 2172 1627 2406 1683; x_wconf 80' lang='lat' dir='ltr'>Divinus;</span> 
     </span>
    </p>
   </div>
   <div class='ocr_carea' id='block_1_8' title="bbox 407 1683 2419 2882">
    <p class='ocr_par' dir='ltr' id='par_1_11' title="bbox 407 1683 2419 2882">
     <span class='ocr_line' id='line_1_22' title="bbox 407 1683 2410 1758; baseline -0.001 -16"><span class='ocrx_word' id='word_1_218' title='bbox 407 1695 489 1758; x_wconf 82' lang='lat' dir='ltr'>qui</span> <span class='ocrx_word' id='word_1_219' title='bbox 520 1693 628 1758; x_wconf 88' lang='lat' dir='ltr'>quia</span> <span class='ocrx_word' id='word_1_220' title='bbox 658 1689 932 1756; x_wconf 67' lang='lat' dir='ltr'>praedicatur</span> <span class='ocrx_word' id='word_1_221' title='bbox 968 1689 1027 1737; x_wconf 91' lang='lat' dir='ltr'>de</span> <span class='ocrx_word' id='word_1_222' title='bbox 1049 1689 1278 1737; x_wconf 87' lang='lat' dir='ltr'>Rationali</span> <span class='ocrx_word' id='word_1_223' title='bbox 1307 1689 1487 1736; x_wconf 88' lang='lat' dir='ltr'>Divino</span> <span class='ocrx_word' id='word_1_224' title='bbox 1518 1689 1711 1736; x_wconf 85' lang='lat' dir='ltr'>Domini</span> <span class='ocrx_word' id='word_1_225' title='bbox 1741 1683 1895 1754; x_wconf 86' lang='lat' dir='ltr'>quoad</span> <span class='ocrx_word' id='word_1_226' title='bbox 1932 1706 2112 1748; x_wconf 86' lang='lat' dir='ltr'>verum,</span> <span class='ocrx_word' id='word_1_227' title='bbox 2147 1692 2317 1755; x_wconf 78' lang='lat' dir='ltr'>dicitur</span> <span class='ocrx_word' id='word_1_228' title='bbox 2335 1693 2410 1741; x_wconf 87' lang='lat' dir='ltr'>hic</span> 
     </span>
     <span class='ocr_line' id='line_1_23' title="bbox 407 1755 2409 1819; baseline -0.001 -9"><span class='ocrx_word' id='word_1_229' title='bbox 407 1763 569 1810; x_wconf 70' lang='lat' dir='ltr'>timere</span> <span class='ocrx_word' id='word_1_230' title='bbox 594 1761 764 1815; x_wconf 84' lang='lat' dir='ltr'>Deum,</span> <span class='ocrx_word' id='word_1_231' title='bbox 800 1770 893 1805; x_wconf 86' lang='lat' dir='ltr'>non</span> <span class='ocrx_word' id='word_1_232' title='bbox 915 1757 1078 1805; x_wconf 84' lang='lat' dir='ltr'>timere</span> <span class='ocrx_word' id='word_1_233' title='bbox 1093 1755 1344 1818; x_wconf 80' lang='lat' dir='ltr'>Jehovam‚</span> <span class='ocrx_word' id='word_1_234' title='bbox 1380 1771 1491 1804; x_wconf 87' lang='lat' dir='ltr'>cum</span> <span class='ocrx_word' id='word_1_235' title='bbox 1521 1757 1645 1803; x_wconf 83' lang='lat' dir='ltr'>enim</span> <span class='ocrx_word' id='word_1_236' title='bbox 1680 1759 1832 1819; x_wconf 89' lang='lat' dir='ltr'>agitur</span> <span class='ocrx_word' id='word_1_237' title='bbox 1851 1755 1910 1804; x_wconf 86' lang='lat' dir='ltr'>de</span> <span class='ocrx_word' id='word_1_238' title='bbox 1926 1758 2052 1806; x_wconf 86' lang='lat' dir='ltr'>Vero</span> <span class='ocrx_word' id='word_1_239' title='bbox 2074 1759 2244 1806; x_wconf 80' lang='lat' dir='ltr'>dicitur</span> <span class='ocrx_word' id='word_1_240' title='bbox 2268 1759 2409 1816; x_wconf 85' lang='lat' dir='ltr'>Deus,</span> 
     </span>
     <span class='ocr_line' id='line_1_24' title="bbox 408 1823 2410 1890; baseline -0.001 -14"><span class='ocrx_word' id='word_1_241' title='bbox 408 1843 521 1876; x_wconf 86' lang='lat' dir='ltr'>cum</span> <span class='ocrx_word' id='word_1_242' title='bbox 544 1827 603 1875; x_wconf 88' lang='lat' dir='ltr'>de</span> <span class='ocrx_word' id='word_1_243' title='bbox 626 1826 758 1874; x_wconf 87' lang='lat' dir='ltr'>Bono</span> <span class='ocrx_word' id='word_1_244' title='bbox 777 1823 1002 1885; x_wconf 74' lang='lat' dir='ltr'>Jehovah,</span> <span class='ocrx_word' id='word_1_245' title='bbox 1038 1838 1100 1871; x_wconf 88' lang='lat' dir='ltr'>n:</span> <span class='ocrx_word' id='word_1_246' title='bbox 1128 1824 1271 1886; x_wconf 84' lang='lat'><em>2586.</em></span> <span class='ocrx_word' id='word_1_247' title='bbox 1300 1823 1444 1888; x_wconf 88' lang='lat'><em>2769.</em></span> <span class='ocrx_word' id='word_1_248' title='bbox 1474 1826 1597 1871; x_wconf 90' lang='grc'><strong>2821</strong></span> <span class='ocrx_word' id='word_1_249' title='bbox 1624 1845 1638 1879; x_wconf 88' lang='lat'>;</span> <span class='ocrx_word' id='word_1_250' title='bbox 1673 1823 1804 1888; x_wconf 74' lang='lat' dir='ltr'>quod</span> <span class='ocrx_word' id='word_1_251' title='bbox 1826 1825 1980 1872; x_wconf 88' lang='lat' dir='ltr'>Amor</span> <span class='ocrx_word' id='word_1_252' title='bbox 2001 1826 2201 1873; x_wconf 89' lang='lat' dir='ltr'>Divinus</span> <span class='ocrx_word' id='word_1_253' title='bbox 2225 1825 2295 1882; x_wconf 85' lang='lat' dir='ltr'>fit,</span> <span class='ocrx_word' id='word_1_254' title='bbox 2330 1841 2410 1890; x_wconf 90' lang='lat' dir='ltr'>per</span> 
     </span>
     <span class='ocr_line' id='line_1_25' title="bbox 410 1889 2411 1958; baseline -0.001 -17"><span class='ocrx_word' id='word_1_255' title='bbox 410 1908 553 1958; x_wconf 88' lang='lat' dir='ltr'>quem</span> <span class='ocrx_word' id='word_1_256' title='bbox 575 1893 807 1940; x_wconf 85' lang='lat' dir='ltr'>Dominus</span> <span class='ocrx_word' id='word_1_257' title='bbox 839 1891 989 1938; x_wconf 84' lang='lat' dir='ltr'>univit</span> <span class='ocrx_word' id='word_1_258' title='bbox 1011 1889 1261 1937; x_wconf 64' lang='lat' dir='ltr'>Essentiam</span> <span class='ocrx_word' id='word_1_259' title='bbox 1284 1889 1555 1937; x_wconf 77' lang='lat' dir='ltr'>Humanam</span> <span class='ocrx_word' id='word_1_260' title='bbox 1585 1889 1775 1937; x_wconf 86' lang='lat' dir='ltr'>Divinae</span> <span class='ocrx_word' id='word_1_261' title='bbox 1810 1891 1862 1938; x_wconf 75' lang='grc' dir='ltr'>δε</span> <span class='ocrx_word' id='word_1_262' title='bbox 1901 1892 2120 1940; x_wconf 88' lang='lat' dir='ltr'>Divinam</span> <span class='ocrx_word' id='word_1_263' title='bbox 2155 1892 2411 1949; x_wconf 72' lang='lat' dir='ltr'>Humanae,</span> 
     </span>
     <span class='ocr_line' id='line_1_26' title="bbox 409 1955 2416 2023; baseline -0 -15"><span class='ocrx_word' id='word_1_264' title='bbox 409 1960 486 2008; x_wconf 83' lang='lat' dir='ltr'>seu</span> <span class='ocrx_word' id='word_1_265' title='bbox 525 1959 654 2023; x_wconf 87' lang='lat' dir='ltr'>quod</span> <span class='ocrx_word' id='word_1_266' title='bbox 690 1958 833 2015; x_wconf 83' lang='lat' dir='ltr'>idem,</span> <span class='ocrx_word' id='word_1_267' title='bbox 869 1956 911 2004; x_wconf 88' lang='lat' dir='ltr'>se</span> <span class='ocrx_word' id='word_1_268' title='bbox 932 1955 1223 2021; x_wconf 79' lang='lat' dir='ltr'>glorificavit,</span> <span class='ocrx_word' id='word_1_269' title='bbox 1256 1955 1464 2004; x_wconf 60' lang='lat' dir='ltr'>videatur</span> <span class='ocrx_word' id='word_1_270' title='bbox 1486 1971 1539 2003; x_wconf 87' lang='lat' dir='ltr'>n:</span> <span class='ocrx_word' id='word_1_271' title='bbox 1573 1960 1710 2005; x_wconf 87' lang='lat'>1812.</span> <span class='ocrx_word' id='word_1_272' title='bbox 1744 1960 1882 2020; x_wconf 85' lang='lat'>1813.</span> <span class='ocrx_word' id='word_1_273' title='bbox 1909 1973 2052 2022; x_wconf 80' lang='lat'><strong>2²53·</strong></span> <span class='ocrx_word' id='word_1_274' title='bbox 2105 1958 2416 2021; x_wconf 70' lang='lat' dir='ltr'>QuidTimere</span> 
     </span>
     <span class='ocr_line' id='line_1_27' title="bbox 409 2021 2414 2089; baseline -0.001 -15"><span class='ocrx_word' id='word_1_275' title='bbox 409 2027 554 2074; x_wconf 77' lang='lat' dir='ltr'>Deum</span> <span class='ocrx_word' id='word_1_276' title='bbox 585 2025 809 2089; x_wconf 73' lang='lat' dir='ltr'>significet</span> <span class='ocrx_word' id='word_1_277' title='bbox 834 2025 882 2070; x_wconf 87' lang='lat' dir='ltr'>in</span> <span class='ocrx_word' id='word_1_278' title='bbox 902 2022 1076 2079; x_wconf 87' lang='lat' dir='ltr'>Verbo,</span> <span class='ocrx_word' id='word_1_279' title='bbox 1110 2022 1314 2070; x_wconf 84' lang='lat' dir='ltr'>constare</span> <span class='ocrx_word' id='word_1_280' title='bbox 1348 2021 1497 2087; x_wconf 80' lang='lat' dir='ltr'>potest</span> <span class='ocrx_word' id='word_1_281' title='bbox 1529 2037 1554 2069; x_wconf 87' lang='lat' dir='ltr'>a</span> <span class='ocrx_word' id='word_1_282' title='bbox 1584 2021 1695 2070; x_wconf 85' lang='lat' dir='ltr'>locis</span> <span class='ocrx_word' id='word_1_283' title='bbox 1735 2023 1798 2071; x_wconf 91' lang='lat' dir='ltr'>ibi</span> <span class='ocrx_word' id='word_1_284' title='bbox 1831 2024 2041 2087; x_wconf 88' lang='lat' dir='ltr'>plurimis</span> <span class='ocrx_word' id='word_1_285' title='bbox 2063 2024 2216 2088; x_wconf 85' lang='lat' dir='ltr'>quoad</span> <span class='ocrx_word' id='word_1_286' title='bbox 2239 2022 2414 2073; x_wconf 88' lang='lat' dir='ltr'>sensum</span> 
     </span>
     <span class='ocr_line' id='line_1_28' title="bbox 411 2085 2413 2154; baseline -0.001 -14"><span class='ocrx_word' id='word_1_287' title='bbox 411 2094 643 2142; x_wconf 87' lang='lat' dir='ltr'>internum</span> <span class='ocrx_word' id='word_1_288' title='bbox 678 2090 914 2139; x_wconf 67' lang='lat' dir='ltr'>intelleetis</span> <span class='ocrx_word' id='word_1_289' title='bbox 934 2112 948 2145; x_wconf 64' lang='grc' dir='ltr'>ς</span> <span class='ocrx_word' id='word_1_290' title='bbox 982 2090 1154 2137; x_wconf 82' lang='lat' dir='ltr'>Timor</span> <span class='ocrx_word' id='word_1_291' title='bbox 1174 2088 1265 2137; x_wconf 91' lang='lat' dir='ltr'>Dei</span> <span class='ocrx_word' id='word_1_292' title='bbox 1286 2085 1349 2136; x_wconf 90' lang='lat' dir='ltr'>ibi</span> <span class='ocrx_word' id='word_1_293' title='bbox 1371 2088 1595 2153; x_wconf 84' lang='lat' dir='ltr'>fignificat</span> <span class='ocrx_word' id='word_1_294' title='bbox 1617 2089 1814 2147; x_wconf 87' lang='lat' dir='ltr'>cultum,</span> <span class='ocrx_word' id='word_1_295' title='bbox 1850 2091 1901 2138; x_wconf 85' lang='lat'>&amp;</span> <span class='ocrx_word' id='word_1_296' title='bbox 1923 2090 2113 2154; x_wconf 87' lang='lat' dir='ltr'>quidem</span> <span class='ocrx_word' id='word_1_297' title='bbox 2137 2091 2315 2138; x_wconf 88' lang='lat' dir='ltr'>cultum</span> <span class='ocrx_word' id='word_1_298' title='bbox 2338 2092 2413 2139; x_wconf 88' lang='lat' dir='ltr'>vel</span> 
     </span>
     <span class='ocr_line' id='line_1_29' title="bbox 411 2155 2415 2214; baseline -0.001 -7"><span class='ocrx_word' id='word_1_299' title='bbox 411 2173 472 2207; x_wconf 85' lang='lat' dir='ltr'>ex</span> <span class='ocrx_word' id='word_1_300' title='bbox 508 2160 692 2214; x_wconf 87' lang='lat' dir='ltr'>timore,</span> <span class='ocrx_word' id='word_1_301' title='bbox 726 2157 808 2205; x_wconf 72' lang='lat' dir='ltr'>vel</span> <span class='ocrx_word' id='word_1_302' title='bbox 825 2171 881 2204; x_wconf 81' lang='lat' dir='ltr'>ex</span> <span class='ocrx_word' id='word_1_303' title='bbox 914 2155 1037 2204; x_wconf 87' lang='lat' dir='ltr'>bono</span> <span class='ocrx_word' id='word_1_304' title='bbox 1074 2155 1199 2212; x_wconf 78' lang='lat' dir='ltr'>fidei,</span> <span class='ocrx_word' id='word_1_305' title='bbox 1234 2156 1308 2203; x_wconf 90' lang='lat' dir='ltr'>vel</span> <span class='ocrx_word' id='word_1_306' title='bbox 1344 2170 1402 2203; x_wconf 86' lang='lat' dir='ltr'>ex</span> <span class='ocrx_word' id='word_1_307' title='bbox 1439 2155 1564 2204; x_wconf 91' lang='lat' dir='ltr'>bono</span> <span class='ocrx_word' id='word_1_308' title='bbox 1600 2157 1798 2212; x_wconf 76' lang='lat' dir='ltr'>amoris3</span> <span class='ocrx_word' id='word_1_309' title='bbox 1834 2156 2014 2205; x_wconf 89' lang='lat' dir='ltr'>cultum</span> <span class='ocrx_word' id='word_1_310' title='bbox 2037 2174 2094 2206; x_wconf 85' lang='lat' dir='ltr'>ex</span> <span class='ocrx_word' id='word_1_311' title='bbox 2115 2158 2280 2205; x_wconf 85' lang='lat' dir='ltr'>timore</span> <span class='ocrx_word' id='word_1_312' title='bbox 2304 2174 2415 2205; x_wconf 90' lang='lat' dir='ltr'>cum</span> 
     </span>
     <span class='ocr_line' id='line_1_30' title="bbox 413 2221 2414 2289; baseline -0.001 -16"><span class='ocrx_word' id='word_1_313' title='bbox 413 2225 567 2289; x_wconf 83' lang='lat' dir='ltr'>agitur</span> <span class='ocrx_word' id='word_1_314' title='bbox 587 2224 646 2272; x_wconf 86' lang='lat' dir='ltr'>de</span> <span class='ocrx_word' id='word_1_315' title='bbox 668 2239 762 2289; x_wconf 76' lang='lat' dir='ltr'>non</span> <span class='ocrx_word' id='word_1_316' title='bbox 784 2223 1069 2286; x_wconf 82' lang='lat' dir='ltr'>regeneratis,</span> <span class='ocrx_word' id='word_1_317' title='bbox 1105 2222 1284 2280; x_wconf 84' lang='lat' dir='ltr'>cultum</span> <span class='ocrx_word' id='word_1_318' title='bbox 1306 2236 1365 2269; x_wconf 82' lang='lat' dir='ltr'>ex</span> <span class='ocrx_word' id='word_1_319' title='bbox 1386 2222 1511 2270; x_wconf 91' lang='lat' dir='ltr'>bono</span> <span class='ocrx_word' id='word_1_320' title='bbox 1540 2221 1650 2270; x_wconf 85' lang='lat' dir='ltr'>fidei</span> <span class='ocrx_word' id='word_1_321' title='bbox 1686 2238 1796 2270; x_wconf 90' lang='lat' dir='ltr'>cum</span> <span class='ocrx_word' id='word_1_322' title='bbox 1834 2224 1892 2272; x_wconf 92' lang='lat' dir='ltr'>de</span> <span class='ocrx_word' id='word_1_323' title='bbox 1922 2226 2190 2288; x_wconf 86' lang='lat' dir='ltr'>regeneratis</span> <span class='ocrx_word' id='word_1_324' title='bbox 2213 2224 2414 2288; x_wconf 81' lang='lat' dir='ltr'>spiritua-</span> 
     </span>
     <span class='ocr_line' id='line_1_31' title="bbox 414 2288 2416 2353; baseline -0 -14"><span class='ocrx_word' id='word_1_325' title='bbox 414 2291 551 2347; x_wconf 73' lang='lat' dir='ltr'>libus,</span> <span class='ocrx_word' id='word_1_326' title='bbox 599 2292 655 2338; x_wconf 70' lang='grc' dir='ltr'>δι</span> <span class='ocrx_word' id='word_1_327' title='bbox 689 2290 869 2338; x_wconf 84' lang='lat' dir='ltr'>cultum</span> <span class='ocrx_word' id='word_1_328' title='bbox 915 2305 973 2336; x_wconf 85' lang='lat' dir='ltr'>ex</span> <span class='ocrx_word' id='word_1_329' title='bbox 1015 2289 1140 2336; x_wconf 88' lang='lat' dir='ltr'>bono</span> <span class='ocrx_word' id='word_1_330' title='bbox 1182 2291 1349 2336; x_wconf 77' lang='lat' dir='ltr'>amoris</span> <span class='ocrx_word' id='word_1_331' title='bbox 1391 2303 1504 2337; x_wconf 85' lang='lat' dir='ltr'>cum</span> <span class='ocrx_word' id='word_1_332' title='bbox 1538 2288 1596 2336; x_wconf 88' lang='lat' dir='ltr'>de</span> <span class='ocrx_word' id='word_1_333' title='bbox 1628 2291 1896 2353; x_wconf 87' lang='lat' dir='ltr'>regeneratis</span> <span class='ocrx_word' id='word_1_334' title='bbox 1937 2290 2230 2346; x_wconf 86' lang='lat' dir='ltr'>coelestibus;</span> <span class='ocrx_word' id='word_1_335' title='bbox 2267 2291 2416 2351; x_wconf 79' lang='lat' dir='ltr'>Quod</span> 
     </span>
     <span class='ocr_line' id='line_1_32' title="bbox 414 2354 2416 2418; baseline 0 -15"><span class='ocrx_word' id='word_1_336' title='bbox 414 2357 454 2403; x_wconf 83' lang='lat' dir='ltr'>I.</span> <span class='ocrx_word' id='word_1_337' title='bbox 479 2356 627 2403; x_wconf 69' lang='lat' dir='ltr'>Timor</span> <span class='ocrx_word' id='word_1_338' title='bbox 650 2355 739 2402; x_wconf 75' lang='lat' dir='ltr'>Dei</span> <span class='ocrx_word' id='word_1_339' title='bbox 756 2358 804 2402; x_wconf 74' lang='lat' dir='ltr'>in</span> <span class='ocrx_word' id='word_1_340' title='bbox 818 2369 971 2417; x_wconf 82' lang='lat' dir='ltr'>genere</span> <span class='ocrx_word' id='word_1_341' title='bbox 976 2354 1190 2416; x_wconf 71' lang='lat' dir='ltr'>fignffioet</span> <span class='ocrx_word' id='word_1_342' title='bbox 1212 2355 1403 2412; x_wconf 66' lang='lat' dir='ltr'>cultum,</span> <span class='ocrx_word' id='word_1_343' title='bbox 1422 2367 1549 2418; x_wconf 87' lang='lat' dir='ltr'>patet</span> <span class='ocrx_word' id='word_1_344' title='bbox 1583 2355 1630 2401; x_wconf 89' lang='lat' dir='ltr'>in</span> <span class='ocrx_word' id='word_1_345' title='bbox 1652 2355 1800 2403; x_wconf 88' lang='lat' dir='ltr'>Libro</span> <span class='ocrx_word' id='word_1_346' title='bbox 1823 2357 2028 2418; x_wconf 85' lang='lat' dir='ltr'>Regum,</span> <span class='ocrx_word' id='word_1_347' title='bbox 2066 2362 2100 2382; x_wconf 92' lang='lat'>“</span> <span class='ocrx_word' id='word_1_348' title='bbox 2123 2356 2228 2403; x_wconf 91' lang='lat' dir='ltr'>Filii</span> <span class='ocrx_word' id='word_1_349' title='bbox 2251 2356 2416 2403; x_wconf 85' lang='lat' dir='ltr'>Israelis</span> 
     </span>
     <span class='ocr_line' id='line_1_33' title="bbox 417 2419 2415 2482; baseline 0 -14"><span class='ocrx_word' id='word_1_350' title='bbox 417 2421 668 2469; x_wconf 73' lang='lat' dir='ltr'>Timuerunt</span> <span class='ocrx_word' id='word_1_351' title='bbox 691 2420 784 2466; x_wconf 83' lang='lat' dir='ltr'>deos</span> <span class='ocrx_word' id='word_1_352' title='bbox 804 2420 927 2470; x_wconf 83' lang='lat' dir='ltr'>alios,</span> <span class='ocrx_word' id='word_1_353' title='bbox 962 2422 1013 2465; x_wconf 84' lang='lat'>&amp;</span> <span class='ocrx_word' id='word_1_354' title='bbox 1036 2419 1386 2466; x_wconf 86' lang='lat' dir='ltr'>ambulaverunt</span> <span class='ocrx_word' id='word_1_355' title='bbox 1424 2422 1472 2466; x_wconf 90' lang='lat' dir='ltr'>in</span> <span class='ocrx_word' id='word_1_356' title='bbox 1511 2419 1686 2466; x_wconf 85' lang='lat' dir='ltr'>statutis</span> <span class='ocrx_word' id='word_1_357' title='bbox 1723 2421 1961 2481; x_wconf 88' lang='lat' dir='ltr'>gentium:</span> <span class='ocrx_word' id='word_1_358' title='bbox 2000 2433 2157 2482; x_wconf 88' lang='lat' dir='ltr'>gentes</span> <span class='ocrx_word' id='word_1_359' title='bbox 2194 2421 2335 2467; x_wconf 84' lang='lat' dir='ltr'>miffae</span> <span class='ocrx_word' id='word_1_360' title='bbox 2366 2423 2415 2468; x_wconf 90' lang='lat' dir='ltr'>in</span> 
     </span>
     <span class='ocr_line' id='line_1_34' title="bbox 418 2484 2416 2547; baseline 0.001 -13"><span class='ocrx_word' id='word_1_361' title='bbox 418 2487 666 2544; x_wconf 85' lang='lat' dir='ltr'>Samariam</span> <span class='ocrx_word' id='word_1_362' title='bbox 702 2485 926 2547; x_wconf 84' lang='lat' dir='ltr'>principio</span> <span class='ocrx_word' id='word_1_363' title='bbox 964 2499 1066 2530; x_wconf 88' lang='lat' dir='ltr'>non·</span> <span class='ocrx_word' id='word_1_364' title='bbox 1085 2484 1335 2531; x_wconf 71' lang='lat' dir='ltr'>Timuerunt</span> <span class='ocrx_word' id='word_1_365' title='bbox 1374 2485 1608 2547; x_wconf 83' lang='lat' dir='ltr'>Jehovam,</span> <span class='ocrx_word' id='word_1_366' title='bbox 1659 2499 1797 2547; x_wconf 88' lang='lat' dir='ltr'>quare</span> <span class='ocrx_word' id='word_1_367' title='bbox 1840 2485 1962 2532; x_wconf 81' lang='lat' dir='ltr'>misit</span> <span class='ocrx_word' id='word_1_368' title='bbox 1999 2485 2207 2547; x_wconf 87' lang='lat' dir='ltr'>Jehovah</span> <span class='ocrx_word' id='word_1_369' title='bbox 2252 2488 2307 2543; x_wconf 18' lang='lat' dir='ltr'>in,</span> <span class='ocrx_word' id='word_1_370' title='bbox 2340 2504 2416 2535; x_wconf 87' lang='lat' dir='ltr'>eos</span> 
     </span>
     <span class='ocr_line' id='line_1_35' title="bbox 419 2548 2416 2613; baseline 0 -13"><span class='ocrx_word' id='word_1_371' title='bbox 419 2553 600 2607; x_wconf 78' lang='lat' dir='ltr'>leones3</span> <span class='ocrx_word' id='word_1_372' title='bbox 637 2551 687 2598; x_wconf 87' lang='lat'>&amp;</span> <span class='ocrx_word' id='word_1_373' title='bbox 711 2552 841 2597; x_wconf 88' lang='lat' dir='ltr'>venit</span> <span class='ocrx_word' id='word_1_374' title='bbox 871 2565 896 2595; x_wconf 89' lang='lat' dir='ltr'>e</span> <span class='ocrx_word' id='word_1_375' title='bbox 929 2548 1246 2611; x_wconf 81' lang='lat' dir='ltr'>sacerdotibus,</span> <span class='ocrx_word' id='word_1_376' title='bbox 1282 2565 1398 2613; x_wconf 90' lang='lat' dir='ltr'>quos</span> <span class='ocrx_word' id='word_1_377' title='bbox 1434 2551 1639 2613; x_wconf 86' lang='lat' dir='ltr'>captivos</span> <span class='ocrx_word' id='word_1_378' title='bbox 1674 2549 1877 2598; x_wconf 89' lang='lat' dir='ltr'>fecerunt</span> <span class='ocrx_word' id='word_1_379' title='bbox 1900 2553 1946 2598; x_wconf 90' lang='lat' dir='ltr'>in</span> <span class='ocrx_word' id='word_1_380' title='bbox 1970 2552 2181 2609; x_wconf 84' lang='lat' dir='ltr'>Samaria,</span> <span class='ocrx_word' id='word_1_381' title='bbox 2217 2553 2267 2599; x_wconf 86' lang='lat'>&amp;</span> <span class='ocrx_word' id='word_1_382' title='bbox 2291 2553 2416 2600; x_wconf 88' lang='lat' dir='ltr'>habi·</span> 
     </span>
     <span class='ocr_line' id='line_1_36' title="bbox 418 2612 2419 2683; baseline 0 -16"><span class='ocrx_word' id='word_1_383' title='bbox 418 2619 542 2667; x_wconf 85' lang='lat' dir='ltr'>tabat</span> <span class='ocrx_word' id='word_1_384' title='bbox 581 2619 628 2664; x_wconf 87' lang='lat' dir='ltr'>in</span> <span class='ocrx_word' id='word_1_385' title='bbox 663 2615 837 2672; x_wconf 65' lang='lat' dir='ltr'>Beth-el,</span> <span class='ocrx_word' id='word_1_386' title='bbox 885 2617 937 2665; x_wconf 76' lang='grc' dir='ltr'>δε</span> <span class='ocrx_word' id='word_1_387' title='bbox 973 2612 1062 2662; x_wconf 86' lang='lat' dir='ltr'>fuit</span> <span class='ocrx_word' id='word_1_388' title='bbox 1098 2615 1269 2662; x_wconf 88' lang='lat' dir='ltr'>docens</span> <span class='ocrx_word' id='word_1_389' title='bbox 1304 2631 1398 2672; x_wconf 89' lang='lat' dir='ltr'>eos,</span> <span class='ocrx_word' id='word_1_390' title='bbox 1449 2616 1643 2680; x_wconf 80' lang='lat' dir='ltr'>quomodo</span> <span class='ocrx_word' id='word_1_391' title='bbox 1677 2616 1889 2664; x_wconf 74' lang='lat' dir='ltr'>Timerent</span> <span class='ocrx_word' id='word_1_392' title='bbox 1909 2617 2142 2681; x_wconf 84' lang='lat' dir='ltr'>Jehovam,</span> <span class='ocrx_word' id='word_1_393' title='bbox 2179 2619 2419 2683; x_wconf 86' lang='lat' dir='ltr'>Pepigerat</span> 
     </span>
     <span class='ocr_line' id='line_1_37' title="bbox 421 2680 2419 2747; baseline 0.001 -14"><span class='ocrx_word' id='word_1_394' title='bbox 421 2683 630 2747; x_wconf 84' lang='lat' dir='ltr'>Jehovah</span> <span class='ocrx_word' id='word_1_395' title='bbox 670 2681 825 2730; x_wconf 87' lang='lat' dir='ltr'>foedus</span> <span class='ocrx_word' id='word_1_396' title='bbox 863 2696 973 2728; x_wconf 87' lang='lat' dir='ltr'>cum</span> <span class='ocrx_word' id='word_1_397' title='bbox 1012 2681 1115 2728; x_wconf 79' lang='lat' dir='ltr'>filiis</span> <span class='ocrx_word' id='word_1_398' title='bbox 1151 2680 1336 2738; x_wconf 87' lang='lat' dir='ltr'>Israelis,</span> <span class='ocrx_word' id='word_1_399' title='bbox 1381 2683 1432 2729; x_wconf 87' lang='lat'>&amp;</span> <span class='ocrx_word' id='word_1_400' title='bbox 1470 2694 1745 2746; x_wconf 75' lang='lat' dir='ltr'>praeceperat</span> <span class='ocrx_word' id='word_1_401' title='bbox 1786 2684 1866 2739; x_wconf 86' lang='lat' dir='ltr'>eis,</span> <span class='ocrx_word' id='word_1_402' title='bbox 1916 2700 2008 2731; x_wconf 91' lang='lat' dir='ltr'>non</span> <span class='ocrx_word' id='word_1_403' title='bbox 2047 2684 2266 2732; x_wconf 81' lang='lat' dir='ltr'>Timebitis</span> <span class='ocrx_word' id='word_1_404' title='bbox 2304 2687 2419 2734; x_wconf 84' lang='lat' dir='ltr'>Deos</span> 
     </span>
     <span class='ocr_line' id='line_1_38' title="bbox 420 2747 2418 2808; baseline 0 -9"><span class='ocrx_word' id='word_1_405' title='bbox 420 2751 593 2807; x_wconf 81' lang='lat' dir='ltr'>alienos,</span> <span class='ocrx_word' id='word_1_406' title='bbox 629 2747 1025 2796; x_wconf 76' lang='lat' dir='ltr'>necincurvabitis</span> <span class='ocrx_word' id='word_1_407' title='bbox 1046 2762 1131 2795; x_wconf 87' lang='lat' dir='ltr'>vos</span> <span class='ocrx_word' id='word_1_408' title='bbox 1153 2748 1232 2805; x_wconf 87' lang='lat' dir='ltr'>eis,</span> <span class='ocrx_word' id='word_1_409' title='bbox 1267 2749 1318 2795; x_wconf 87' lang='lat'>&amp;</span> <span class='ocrx_word' id='word_1_410' title='bbox 1340 2763 1433 2796; x_wconf 87' lang='lat' dir='ltr'>non</span> <span class='ocrx_word' id='word_1_411' title='bbox 1456 2747 1653 2795; x_wconf 87' lang='lat' dir='ltr'>servietis</span> <span class='ocrx_word' id='word_1_412' title='bbox 1672 2748 1754 2805; x_wconf 62' lang='lat' dir='ltr'>eis,</span> <span class='ocrx_word' id='word_1_413' title='bbox 1790 2765 1872 2796; x_wconf 90' lang='lat' dir='ltr'>nec</span> <span class='ocrx_word' id='word_1_414' title='bbox 1896 2749 2193 2798; x_wconf 89' lang='lat' dir='ltr'>sacrificabitis</span> <span class='ocrx_word' id='word_1_415' title='bbox 2228 2753 2308 2808; x_wconf 90' lang='lat' dir='ltr'>eis,</span> <span class='ocrx_word' id='word_1_416' title='bbox 2344 2752 2418 2800; x_wconf 92' lang='lat' dir='ltr'>sed</span> 
     </span>
     <span class='ocr_line' id='line_1_39' title="bbox 423 2813 2413 2882; baseline 0.002 -18"><span class='ocrx_word' id='word_1_417' title='bbox 423 2817 640 2881; x_wconf 80' lang='lat' dir='ltr'>Jehovam</span> <span class='ocrx_word' id='word_1_418' title='bbox 673 2815 891 2870; x_wconf 66' lang='lat' dir='ltr'>timebitis,</span> <span class='ocrx_word' id='word_1_419' title='bbox 926 2816 976 2862; x_wconf 75' lang='grc' dir='ltr'>δε</span> <span class='ocrx_word' id='word_1_420' title='bbox 1007 2813 1097 2877; x_wconf 81' lang='lat' dir='ltr'>Ipsi</span> <span class='ocrx_word' id='word_1_421' title='bbox 1133 2814 1426 2862; x_wconf 88' lang='lat' dir='ltr'>incurvabitis</span> <span class='ocrx_word' id='word_1_422' title='bbox 1460 2829 1561 2872; x_wconf 90' lang='lat' dir='ltr'>vos,</span> <span class='ocrx_word' id='word_1_423' title='bbox 1609 2816 1659 2862; x_wconf 72' lang='grc' dir='ltr'>δε</span> <span class='ocrx_word' id='word_1_424' title='bbox 1705 2815 1793 2878; x_wconf 82' lang='lat' dir='ltr'>Ipsi</span> <span class='ocrx_word' id='word_1_425' title='bbox 1839 2815 2187 2874; x_wconf 73' lang='lat' dir='ltr'>sacrificabitiS‚&#39;’</span> <span class='ocrx_word' id='word_1_426' title='bbox 2225 2835 2250 2866; x_wconf 88' lang='lat'>2</span> <span class='ocrx_word' id='word_1_427' title='bbox 2277 2820 2413 2882; x_wconf 87' lang='lat' dir='ltr'>Reg:</span> 
     </span>
    </p>
   </div>
   <div class='ocr_carea' id='block_1_9' title="bbox 345 2880 2417 2946">
    <p class='ocr_par' dir='ltr' id='par_1_12' title="bbox 345 2880 2417 2946">
     <span class='ocr_line' id='line_1_40' title="bbox 345 2880 2417 2946; baseline 0.001 -16"><span class='ocrx_word' id='word_1_428' title='bbox 345 2935 348 2938; x_wconf 18' lang='lat'><strong>⁴</strong></span> <span class='ocrx_word' id='word_1_429' title='bbox 425 2899 567 2930; x_wconf 77' lang='lat' dir='ltr'>xvii:</span> <span class='ocrx_word' id='word_1_430' title='bbox 598 2899 640 2946; x_wconf 90' lang='lat'>7.</span> <span class='ocrx_word' id='word_1_431' title='bbox 670 2886 712 2930; x_wconf 91' lang='lat'>8.</span> <span class='ocrx_word' id='word_1_432' title='bbox 734 2897 811 2941; x_wconf 85' lang='lat'>24.</span> <span class='ocrx_word' id='word_1_433' title='bbox 833 2885 909 2928; x_wconf 86' lang='lat'>28.</span> <span class='ocrx_word' id='word_1_434' title='bbox 931 2896 1006 2943; x_wconf 90' lang='grc'>32.</span> <span class='ocrx_word' id='word_1_435' title='bbox 1029 2897 1104 2943; x_wconf 81' lang='grc'>33.</span> <span class='ocrx_word' id='word_1_436' title='bbox 1129 2897 1205 2944; x_wconf 84' lang='grc'>35.</span> <span class='ocrx_word' id='word_1_437' title='bbox 1229 2881 1303 2944; x_wconf 86' lang='grc'>36.</span> <span class='ocrx_word' id='word_1_438' title='bbox 1326 2898 1401 2945; x_wconf 92' lang='grc'>37.</span> <span class='ocrx_word' id='word_1_439' title='bbox 1422 2899 1480 2940; x_wconf 92' lang='lat'>41</span> <span class='ocrx_word' id='word_1_440' title='bbox 1508 2904 1522 2936; x_wconf 78' lang='lat'>3</span> <span class='ocrx_word' id='word_1_441' title='bbox 1558 2880 1638 2928; x_wconf 90' lang='lat' dir='ltr'>ubi</span> <span class='ocrx_word' id='word_1_442' title='bbox 1678 2882 1840 2929; x_wconf 88' lang='lat' dir='ltr'>timere</span> <span class='ocrx_word' id='word_1_443' title='bbox 1881 2881 2109 2930; x_wconf 82' lang='lat' dir='ltr'>manifeste</span> <span class='ocrx_word' id='word_1_444' title='bbox 2132 2900 2217 2946; x_wconf 88' lang='lat' dir='ltr'>pro</span> <span class='ocrx_word' id='word_1_445' title='bbox 2241 2884 2417 2933; x_wconf 86' lang='lat' dir='ltr'>colere:</span> 
     </span>
    </p>
   </div>
   <div class='ocr_carea' id='block_1_10' title="bbox 418 2947 2422 3276">
    <p class='ocr_par' dir='ltr' id='par_1_13' title="bbox 418 2947 2422 3276">
     <span class='ocr_line' id='line_1_41' title="bbox 418 2947 2418 3012; baseline 0.002 -17"><span class='ocrx_word' id='word_1_446' title='bbox 418 2948 548 3012; x_wconf 77' lang='lat' dir='ltr'>&#39;apud</span> <span class='ocrx_word' id='word_1_447' title='bbox 574 2947 765 3003; x_wconf 69' lang='lat' dir='ltr'>Esaiam,</span> <span class='ocrx_word' id='word_1_448' title='bbox 816 2951 851 2973; x_wconf 83' lang='lat'>‘⁸</span> <span class='ocrx_word' id='word_1_449' title='bbox 874 2947 1118 3009; x_wconf 86' lang='lat' dir='ltr'>Propterea</span> <span class='ocrx_word' id='word_1_450' title='bbox 1156 2948 1284 3010; x_wconf 88' lang='lat' dir='ltr'>quod</span> <span class='ocrx_word' id='word_1_451' title='bbox 1329 2949 1714 3011; x_wconf 87' lang='lat' dir='ltr'>appropinquavit</span> <span class='ocrx_word' id='word_1_452' title='bbox 1758 2948 1957 3012; x_wconf 86' lang='lat' dir='ltr'>populus</span> <span class='ocrx_word' id='word_1_453' title='bbox 2002 2948 2079 2996; x_wconf 90' lang='lat' dir='ltr'>iste</span> <span class='ocrx_word' id='word_1_454' title='bbox 2123 2966 2198 2997; x_wconf 83' lang='lat' dir='ltr'>ore</span> <span class='ocrx_word' id='word_1_455' title='bbox 2236 2949 2332 3007; x_wconf 90' lang='lat' dir='ltr'>suo,</span> <span class='ocrx_word' id='word_1_456' title='bbox 2370 2953 2418 2999; x_wconf 89' lang='lat'>&amp;</span> 
     </span>
     <span class='ocr_line' id='line_1_42' title="bbox 425 3012 2422 3077; baseline 0.002 -16"><span class='ocrx_word' id='word_1_457' title='bbox 425 3014 554 3061; x_wconf 79' lang='lat' dir='ltr'>labiis</span> <span class='ocrx_word' id='word_1_458' title='bbox 575 3012 666 3060; x_wconf 86' lang='lat' dir='ltr'>suis</span> <span class='ocrx_word' id='word_1_459' title='bbox 686 3013 1022 3061; x_wconf 81' lang='lat' dir='ltr'>honoraverunt</span> <span class='ocrx_word' id='word_1_460' title='bbox 1046 3013 1148 3068; x_wconf 92' lang='lat' dir='ltr'>Me,</span> <span class='ocrx_word' id='word_1_461' title='bbox 1185 3015 1234 3061; x_wconf 79' lang='grc' dir='ltr'>δε</span> <span class='ocrx_word' id='word_1_462' title='bbox 1258 3029 1338 3060; x_wconf 90' lang='lat' dir='ltr'>cor</span> <span class='ocrx_word' id='word_1_463' title='bbox 1369 3029 1527 3060; x_wconf 86' lang='lat' dir='ltr'>eorum</span> <span class='ocrx_word' id='word_1_464' title='bbox 1558 3014 1802 3077; x_wconf 70' lang='lat' dir='ltr'>elongavit</span> <span class='ocrx_word' id='word_1_465' title='bbox 1828 3014 1868 3061; x_wconf 88' lang='lat' dir='ltr'>se</span> <span class='ocrx_word' id='word_1_466' title='bbox 1904 3030 1930 3061; x_wconf 92' lang='lat' dir='ltr'>a</span> <span class='ocrx_word' id='word_1_467' title='bbox 1952 3015 2055 3070; x_wconf 90' lang='lat' dir='ltr'>Me,</span> <span class='ocrx_word' id='word_1_468' title='bbox 2091 3015 2253 3077; x_wconf 80' lang='lat' dir='ltr'>&amp;fuit</span> <span class='ocrx_word' id='word_1_469' title='bbox 2275 3018 2422 3065; x_wconf 74' lang='lat' dir='ltr'>Timor</span> 
     </span>
     <span class='ocr_line' id='line_1_43' title="bbox 425 3078 2420 3142; baseline 0.001 -14"><span class='ocrx_word' id='word_1_470' title='bbox 425 3096 567 3128; x_wconf 75' lang='lat' dir='ltr'>cvrum</span> <span class='ocrx_word' id='word_1_471' title='bbox 581 3091 666 3141; x_wconf 82' lang='lat' dir='ltr'>pro</span> <span class='ocrx_word' id='word_1_472' title='bbox 687 3081 769 3126; x_wconf 86' lang='lat' dir='ltr'>Me</span> <span class='ocrx_word' id='word_1_473' title='bbox 803 3078 1075 3125; x_wconf 83' lang='lat' dir='ltr'>mandatum</span> <span class='ocrx_word' id='word_1_474' title='bbox 1110 3079 1353 3128; x_wconf 82' lang='lat' dir='ltr'>hominum</span> <span class='ocrx_word' id='word_1_475' title='bbox 1389 3080 1656 3135; x_wconf 67' lang='lat' dir='ltr'>edo&amp;um,’&#39;</span> <span class='ocrx_word' id='word_1_476' title='bbox 1690 3095 1836 3129; x_wconf 68' lang='lat' dir='ltr'>xxm:</span> <span class='ocrx_word' id='word_1_477' title='bbox 1870 3098 1945 3142; x_wconf 85' lang='lat'>13,</span> <span class='ocrx_word' id='word_1_478' title='bbox 1979 3081 2058 3127; x_wconf 86' lang='lat' dir='ltr'>ubi</span> <span class='ocrx_word' id='word_1_479' title='bbox 2090 3085 2231 3129; x_wconf 88' lang='lat' dir='ltr'>timor</span> <span class='ocrx_word' id='word_1_480' title='bbox 2261 3098 2420 3129; x_wconf 85' lang='lat' dir='ltr'>eorum</span> 
     </span>
     <span class='ocr_line' id='line_1_44' title="bbox 428 3144 2421 3212; baseline 0.002 -20"><span class='ocrx_word' id='word_1_481' title='bbox 428 3161 517 3207; x_wconf 47' lang='lat' dir='ltr'>,pro</span> <span class='ocrx_word' id='word_1_482' title='bbox 537 3147 642 3199; x_wconf 88' lang='lat' dir='ltr'>Me,</span> <span class='ocrx_word' id='word_1_483' title='bbox 676 3161 761 3210; x_wconf 89' lang='lat' dir='ltr'>pro</span> <span class='ocrx_word' id='word_1_484' title='bbox 783 3144 911 3192; x_wconf 88' lang='lat' dir='ltr'>cultu</span> <span class='ocrx_word' id='word_1_485' title='bbox 945 3146 991 3191; x_wconf 86' lang='lat' dir='ltr'>in</span> <span class='ocrx_word' id='word_1_486' title='bbox 1016 3160 1194 3208; x_wconf 85' lang='lat' dir='ltr'>genere,</span> <span class='ocrx_word' id='word_1_487' title='bbox 1231 3162 1336 3193; x_wconf 89' lang='lat' dir='ltr'>narn</span> <span class='ocrx_word' id='word_1_488' title='bbox 1362 3146 1530 3212; x_wconf 78' lang='lat' dir='ltr'>dicitur</span> <span class='ocrx_word' id='word_1_489' title='bbox 1560 3146 1685 3210; x_wconf 89' lang='lat' dir='ltr'>quod</span> <span class='ocrx_word' id='word_1_490' title='bbox 1709 3147 1877 3195; x_wconf 91' lang='lat' dir='ltr'>Timor</span> <span class='ocrx_word' id='word_1_491' title='bbox 1900 3146 1974 3193; x_wconf 89' lang='lat' dir='ltr'>ille</span> <span class='ocrx_word' id='word_1_492' title='bbox 1997 3145 2133 3194; x_wconf 89' lang='lat' dir='ltr'>fuerit</span> <span class='ocrx_word' id='word_1_493' title='bbox 2157 3148 2421 3195; x_wconf 84' lang='lat' dir='ltr'>mandatum</span> 
     </span>
     <span class='ocr_line' id='line_1_45' title="bbox 435 3211 2422 3276; baseline 0.002 -19"><span class='ocrx_word' id='word_1_494' title='bbox 435 3212 705 3259; x_wconf 83' lang='lat' dir='ltr'>hominurn:</span> <span class='ocrx_word' id='word_1_495' title='bbox 739 3211 863 3275; x_wconf 83' lang='lat' dir='ltr'>apud</span> <span class='ocrx_word' id='word_1_496' title='bbox 895 3211 1096 3270; x_wconf 82' lang='lat' dir='ltr'>Lucam,</span> <span class='ocrx_word' id='word_1_497' title='bbox 1134 3217 1168 3240; x_wconf 90' lang='lat'>“</span> <span class='ocrx_word' id='word_1_498' title='bbox 1192 3213 1346 3273; x_wconf 81' lang='lat' dir='ltr'>Judex</span> <span class='ocrx_word' id='word_1_499' title='bbox 1367 3213 1573 3276; x_wconf 68' lang='lat' dir='ltr'>&#39;quidam</span> <span class='ocrx_word' id='word_1_500' title='bbox 1611 3223 1703 3260; x_wconf 85' lang='lat' dir='ltr'>erat</span> <span class='ocrx_word' id='word_1_501' title='bbox 1739 3213 1785 3259; x_wconf 88' lang='lat' dir='ltr'>in</span> <span class='ocrx_word' id='word_1_502' title='bbox 1824 3212 1933 3261; x_wconf 88' lang='lat' dir='ltr'>urbe</span> <span class='ocrx_word' id='word_1_503' title='bbox 1967 3212 2130 3276; x_wconf 79' lang='lat' dir='ltr'>aliqua,</span> <span class='ocrx_word' id='word_1_504' title='bbox 2166 3215 2304 3260; x_wconf 89' lang='lat' dir='ltr'>Deum</span> <span class='ocrx_word' id='word_1_505' title='bbox 2342 3229 2422 3262; x_wconf 90' lang='lat' dir='ltr'>non</span> 
     </span>
    </p>
   </div>
   <div class='ocr_carea' id='block_1_11' title="bbox 1429 3279 2426 3336">
    <p class='ocr_par' dir='ltr' id='par_1_14' title="bbox 1429 3279 2426 3336">
     <span class='ocr_line' id='line_1_46' title="bbox 1429 3279 2426 3336; baseline 0.002 -11"><span class='ocrx_word' id='word_1_506' title='bbox 1429 3279 1469 3325; x_wconf 90' lang='lat' dir='ltr'><strong>F</strong></span> <span class='ocrx_word' id='word_1_507' title='bbox 2262 3281 2426 3336; x_wconf 82' lang='lat' dir='ltr'>timens,</span> 
     </span>
    </p>
   </div>
  </div>
 </body>
</html>
