2904 3750
629 238 970 302 CAPUT
1019 232 1587 300 VIGESIMUM
1640 233 2155 299 OCTAVUM.
2275 261 2410 320 443

402 370 530 434 gelos
554 367 838 426 ascendentes
862 370 911 417 ὅτ
934 353 1250 416 descendentes
1290 366 1337 411 in
1378 363 1490 412 scala
1522 362 1684 413 statuta
1723 373 1870 417 terrae,
1907 361 2036 425 cujus
2060 376 2197 427 caput
2221 368 2410 431 pertigit

403 437 596 494 coelum,
633 436 762 499 super
782 452 888 500 quae
909 433 1117 496 jehovah
1141 432 1293 478 stabat.

469 520 612 568 3703.
647 503 715 552 Et
747 503 880 558 dixit,
916 501 1026 563 Ego
1049 497 1255 560 Jehovah
1285 497 1412 544 Deus
1438 495 1689 543 Abrahami
1725 495 1863 558 patris
1904 496 1986 550 tui,
2022 498 2148 559 quod
2187 497 2406 560 significet

399 571 662 619 Dormnum
700 568 824 631 quod
852 565 917 627 *ab
940 565 1043 628 Ipso
1075 564 1248 610 bonum
1290 562 1422 618 illud,
1458 561 1659 609 constare
1694 560 1840 624 potest
1863 577 1918 608 ex
1942 577 2012 618 e0,
2049 563 2176 626 quod
2201 564 2405 624 Jehovah

395 637 452 683 fit
490 634 639 699 ipsum
678 634 907 693 Divinum
945 631 1048 678 Effe
1088 631 1301 686 Domini,
1351 629 1451 688 Qui
1489 630 1618 676 Deus
1648 628 1894 676 Abrahami
1933 629 2101 676 dicitur
2132 645 2189 676 ex
2229 631 2403 680 Divino

395 702 561 757 Bono,
618 699 748 763 quod
793 698 1031 747 Abraham
1079 696 1365 760 repraesentet
1410 696 1671 743 Dominum
1725 695 1880 759 quoad
1927 695 2155 743 Divinum
2203 697 2403 755 Bonum,

291 820 294 823 ,
393 768 601 815 videatur
623 783 683 814 n:
711 782 854 831 2172.
883 770 1008 830 2198
1033 787 1046 821 ;
1083 764 1132 811 &
1158 764 1265 827 quia
1287 763 1514 811 Divinum
1540 764 1727 810 Bonum
1761 761 1841 818 est,
1877 778 1935 811 ex
1971 765 2067 826 'quo
2106 762 2209 810 sunt
2248 768 2403 813 omnia

394 835 514 882 bona
536 832 733 881 coelestia
756 834 804 882 δι
830 832 1089 897 spiritualia,
1125 832 1174 878 δε
1201 831 1305 877 inde
1338 845 1523 893 quoque
1558 831 1713 876 omnia
1746 845 1864 885 vera,
1901 830 2004 877 ideo
2033 829 2200 876 dicitur
2236 830 2307 878 hic
2333 834 2401 879 A-

390 895 756 964 braham'pater,
804 900 854 948 δε
893 898 1084 963 quidem
1122 910 1246 962 pater
1281 910 1403 953 tuus,
1440 897 1527 943 hoc
1565 895 1645 951 est,
1682 895 1861 958 Jacobi‚
1898 912 2007 944 cum
2042 908 2193 943 tamen
2218 896 2402 958 Jischak

389 965 486 1030 ejus
515 979 640 1032 pater
660 967 794 1014 effet:
831 966 960 1030 quod
985 966 1118 1012 Pater
1156 965 1202 1011 in
1243 962 1365 1010 sensu
1405 964 1585 1011 interno
1624 961 1677 1010 fit
1702 963 1900 1020 Bonum,
1936 961 1999 1010 est
2023 962 2143 1020 inde,
2179 964 2285 1028 quia
2309 965 2399 1012 Bo-

389 1050 504 1082 num
527 1033 608 1091 est,
643 1049 701 1081 ex
723 1049 818 1098 quo
850 1033 1007 1081 omnia
1028 1033 1078 1079 δε
1102 1031 1276 1095 lingula
1299 1029 1417 1087 sunt,
1454 1031 1503 1078 &
1520 1030 1697 1078 Verum
1722 1046 1802 1093 per
1823 1030 1949 1093 quod
1975 1031 2128 1078 omnia
2152 1030 2198 1077 &
2225 1029 2400 1094 fingula

389 1100 603 1159 existunt,
637 1101 701 1148 ita
723 1116 780 1147 ex
802 1098 1020 1165 conjugio
1044 1098 1227 1146 boni&
1251 1098 1378 1153 veri3
1416 1095 1564 1160 ipsum
1602 1097 1797 1151 coelum,
1832 1097 1960 1160 quod
2005 1112 2097 1144 non
2136 1096 2216 1144 nisi
2256 1113 2395 1160 quam

388 1179 448 1215 ex
483 1168 662 1215 Divino
701 1165 936 1230 Conjugio
970 1167 1089 1221 Boni
1129 1165 1179 1212 &
1202 1165 1310 1211 Veri
1352 1161 1566 1220 confistit‚
1603 1161 1668 1211 est
1705 1179 1778 1223 ex,
1800 1164 1977 1211 Divino
2007 1161 2242 1228 Conjugio
2279 1166 2395 1212 Boni

392 1235 443 1282 δε
479 1233 590 1281 Veri
628 1249 679 1281 ac
713 1234 825 1282 Veri
862 1234 912 1280 &
944 1233 1061 1280 Boni
1101 1233 1147 1279 in
1183 1231 1428 1285 Domino;
1476 1231 1523 1277 in
1558 1228 1762 1278 universa
1793 1244 1948 1278 natura
1979 1231 2114 1278 etiam
2151 1233 2309 1278 omnia
2345 1232 2395 1280 &

390 1299 566 1365 singula
597 1300 656 1347 ad
680 1299 855 1348 bonum
879 1300 928 1347 ὅτ
954 1315 1116 1348 verum
1150 1298 1192 1345 se
1227 1295 1455 1353 referunt3
1492 1298 1539 1345 in
1576 1297 1659 1344 hac
1697 1297 1840 1354 enirn,
1892 1297 1965 1345 seu
2005 1309 2177 1355 natura,
2229 1313 2396 1361 reprae-

390 1366 618 1415 sentantur
653 1366 852 1414 coelestia
884 1367 936 1415 ὅτ
981 1365 1225 1430 spiritualia
1259 1364 1379 1412 bona
1414 1364 1465 1411 ὅτ
1504 1379 1611 1412 vera
1647 1379 1755 1427 quae
1792 1362 1896 1413 sunt
1933 1364 2060 1422 coeli,
2097 1365 2147 1412 &
2188 1365 2234 1412 in
2271 1365 2394 1413 coelo

282 1449 287 1458 ¹
385 1433 759 1497 repraesentantur
780 1434 954 1482 Divina
976 1434 1103 1481 Bona
1125 1434 1174 1480 &
1200 1432 1321 1480 Vera
1355 1446 1464 1495 quae
1492 1429 1594 1479 sunt
1617 1431 1838 1480 Domini:
1877 1431 1981 1481 inde
2005 1430 2205 1479 constare
2229 1431 2392 1495 potest,

386 1500 515 1564 quod
545 1494 729 1550 Bonum
757 1501 812 1548 sit
835 1499 973 1548 instar
1006 1501 1159 1564 patriS,
1194 1499 1245 1546 &
1268 1513 1431 1546 verum
1466 1496 1520 1546 fit
1551 1496 1687 1545 instar
1711 1499 1885 1556 matris,
1921 1498 1971 1546 &
2003 1499 2131 1562 quod
2170 1497 2273 1545 ideo
2312 1514 2393 1562 per

385 1568 569 1616 Patrem
609 1570 655 1615 in
694 1566 818 1615 sensu
859 1568 1035 1615 interno
1063 1565 1204 1614 Verbi
1240 1564 1519 1628 significetur
1551 1566 1755 1621 Bonum,
1792 1566 1839 1612 &
1865 1581 1946 1628 per
1970 1565 2172 1613 Matrem
2196 1566 2390 1622 Verum,

384 1633 437 1680 δε
459 1635 651 1698 quidem
677 1635 860 1681 Bonum
885 1634 934 1680 ὅτ
952 1634 1130 1681 Verum
1162 1647 1220 1678 ex
1259 1630 1424 1694 quibus
1459 1630 1579 1678 bona
1609 1631 1659 1679 &
1684 1647 1788 1678 vcra
1824 1629 2032 1679 inferiora
2063 1631 2136 1678 seu
2174 1632 2388 1688 derivata,

385 1715 493 1764 quae
531 1700 774 1764 respeffive
813 1699 917 1748 sunt
950 1699 1064 1747 ficut
1097 1698 1207 1745 filiae
1227 1699 1279 1745 δε
1304 1697 1405 1753 filii,
1440 1697 1491 1744 &
1514 1713 1699 1760 quoque
1724 1697 1829 1744 inde
1861 1697 1969 1744 filiae
1989 1698 2039 1745 δε
2064 1698 2145 1745 filii
2170 1699 2215 1745 in
2238 1698 2395 1746 Verbo

383 1779 608 1816 vocantur
627 1783 691 1819 n:
716 1771 828 1833 489.
844 1783 958 1831 490.
976 1783 1088 1832 491.
1110 1765 1256 1830 2362,
1289 1765 1342 1812 ’δι
1379 1779 1564 1827 quoque
1603 1762 1706 1811 sunt
1745 1762 1985 1827 respeffitive
2023 1764 2136 1811 sicut
2168 1762 2320 1811 fratres
2343 1765 2394 1812 δε

383 1831 570 1892 sorores,
605 1834 719 1882 ficut
743 1845 926 1898 nepotes
950 1835 1000 1884 &
1033 1836 1324 1896 pronepotes,
1360 1830 1474 1879 sicut
1497 1831 1668 1895 generi,
1702 1829 1873 1888 socrus,
1909 1847 2066 1889 nurus,
2102 1830 2244 1879 verbo
2282 1831 2403 1890 ficut,

385 1899 862 1964 consanguinitates&
886 1901 1122 1948 affinitates
1148 1899 1195 1945 in
1224 1898 1355 1946 omni
1390 1898 1569 1962 gradus
1589 1898 1638 1946 ὅτ
1663 1896 1751 1946 hoc
1774 1913 1831 1945 ex
1862 1896 2079 1962 conjugio
2117 1898 2225 1945 boni
2265 1899 2395 1962 quod

387 1978 516 2029 pater
550 1982 660 2014 cum
684 1982 794 2014 vero
830 1965 958 2029 quod
983 1977 1154 2019 mater;
1191 1965 1318 2028 quod
1342 1966 1499 2012 omnia
1519 1965 1571 2012 &
1591 1964 1770 2028 singula
1788 1966 1836 2012 in
1870 1966 2001 2013 coelis
2032 1964 2075 2013 se
2109 1964 2296 2013 habeant
2328 1965 2391 2013 se-

385 2032 596 2080 cundum
619 2031 1023 2096 consanguinitates
1056 2031 1223 2078 amoris
1255 2031 1304 2079 &
1330 2031 1437 2078 fidei
1471 2033 1515 2078 in
1541 2032 1823 2089 Dominum,
1859 2031 1932 2080 seu
1957 2033 2083 2096 quod
2106 2033 2244 2089 idem,
2283 2032 2391 2079 boni

387 2100 437 2146 δε
462 2101 575 2157 veri,
610 2099 893 2147 videaturn:
922 2100 1031 2162 685.
1060 2113 1171 2162 917.
1199 2113 1342 2163 2739.
1367 2097 1511 2161 3612,
1546 2097 1596 2144 &
1619 2098 1747 2160 quod
1771 2100 2088 2162 Antiquiffimi
2110 2100 2214 2146 ideo
2238 2100 2391 2147 omnia

383 2165 437 2214 &
476 2165 653 2230 fingula
689 2167 1051 2230 comparaverint
1087 2161 1330 2228 conjugiis,
1378 2179 1442 2211 n:
1469 2179 1548 2225 54.
1575 2179 1601 2225 5
1609 2180 1669 2225 5·,
1706 2164 1944 2212 videantur
1981 2167 2135 2222 etiam,
2187 2182 2248 2214 n:
2280 2171 2389 2229 718.

388 2248 499 2297 747.
531 2250 670 2297 1432.
698 2237 842 2295 2508.
864 2232 1006 2295 2516.
1025 2247 1169 2294 2524.
1188 2230 1331 2294 2556.
1404 2228 1552 2288 Quod
1574 2230 1706 2277 Pater
1741 2230 1788 2276 in
1828 2229 1948 2277 sensu
1974 2232 2150 2279 interno
2173 2232 2314 2279 Verbi
2339 2233 2391 2280 fit

387 2300 592 2356 Bonum,
627 2298 833 2347 constare
862 2298 1010 2363 potest
1041 2314 1099 2345 ex
1132 2296 1343 2361 plurimis
1379 2295 1520 2352 locis·,
1557 2307 1609 2344 ut
1638 2295 1695 2343 ab
1721 2296 1789 2344 his
1823 2295 2143 2360 sequentibus;
2179 2299 2299 2361 apud
2323 2299 2390 2346 E-

383 2366 534 2422 saiam,
571 2370 606 2392 “
630 2365 871 2413 Attendite
892 2366 950 2412 ad
975 2366 1079 2422 Me,
1115 2363 1355 2427 spectantes
1372 2360 1612 2426 justitiam,
1647 2375 1898 2426 quaerentes
1916 2363 2159 2425 Jehovam,
2198 2364 2389 2428 speetate

383 2431 442 2481 ad
465 2443 640 2495 petram
663 2431 795 2478 excifi
815 2430 935 2488 estis,
971 2432 1020 2478 &
1044 2430 1099 2477 ad
1125 2429 1403 2478 effoffionern
1427 2427 1575 2477 foveae
1607 2428 1750 2477 effoffi
1782 2428 1883 2477 estis
1904 2453 1917 2485 ·,
1954 2429 2143 2494 speftate
2168 2431 2224 2478 ad
2241 2431 2383 2479 Abra-

382 2501 554 2546 hamum
570 2508 742 2560 patrem
764 2497 963 2558 vestrum,
999 2497 1050 2544 &
1073 2497 1129 2544 ad
1155 2498 1307 2544 Saram
1330 2497 1572 2560 parturivit
1593 2511 1695 2552 vos,
1731 2512 1837 2543 narn
1863 2498 2051 2546 unicum
2074 2498 2234 2545 vocavi
2259 2513 2386 2555 eum,

354 2567 434 2615 δε
472 2564 680 2612 benedixi
717 2565 776 2622 ei,
812 2564 863 2612 δι’
903 2562 1218 2627 multiplicabo
1253 2577 1395 2619 eum·,
1444 2579 1549 2610 nam
1587 2561 1889 2611 consolabitur
1926 2563 2130 2625 Jehovah
2170 2565 2386 2622 Zionern,

384 2631 689 2681 consolabitur
709 2647 868 2679 omnes
890 2630 1111 2678 vastitates
1135 2627 1247 2692 ejus,
1284 2630 1333 2676 δε
1358 2643 1499 2691 ponet
1522 2629 1747 2677 desertum
1771 2628 1865 2692 ejus
1889 2629 2002 2677 ficut
2023 2630 2174 2687 Eden,
2210 2631 2258 2678 &
2283 2631 2386 2678 soli-

383 2699 593 2747 tudinem
634 2696 732 2762 ejus
771 2698 884 2745 ficut
916 2698 1099 2745 hortum
1124 2696 1487 2758 jehovae,”'1,1:
1522 2715 1559 2745 1.
1581 2714 1624 2745 2.
1647 2714 1694 2761 3,
1730 2696 1793 2743 ibi
1828 2696 1885 2744 de
1908 2697 2134 2754 Domino,
2169 2698 2218 2745 ὅτ.
2243 2698 2386 2761 Ipsius

381 2766 580 2813 adventu
622 2768 788 2828 agitur,
838 2777 889 2812 ut
925 2779 983 2812 ex
1022 2764 1210 2827 singulis
1243 2774 1382 2828 patet,
1432 2764 1532 2825 Qi
1571 2763 1723 2827 quoad
1746 2763 1972 2812 Divinum
1997 2764 2173 2811 Verum
2199 2778 2386 2812 vocatur

380 2843 507 2896 petra
528 2834 577 2880 δε
602 2830 749 2888 fovea,
786 2833 834 2878 &
858 2831 1008 2896 quoad
1033 2831 1259 2878 Divinum
1285 2831 1469 2877 Bonum
1494 2830 1727 2878 Abraham
1767 2842 1911 2894 pater,
1947 2832 1996 2878 &
2031 2833 2136 2894 quia
2158 2832 2387 2879 Divinum

382 2895 650 2961 conjugium
689 2899 804 2946 Boni
852 2900 900 2946 δε
939 2899 1047 2945 Veri
1089 2897 1427 2961 repraesentatur
1468 2913 1548 2962 per
1586 2897 1821 2945 Abraham
1862 2900 1911 2945 δε
1954 2898 2126 2955 Saram,
2179 2899 2385 2946 videatur

381 2981 443 3011 n:
476 2965 617 3024 1468.·
645 2960 782 3029 1901]
816 2966 955 3030 1965.
987 2969 1126 3029 1989.
1155 2981 1297 3014 2011.
1335 2965 1477 3028 2063.
1516 2965 1658 3027 2065.
1697 2980 1839 3028 2172.
1879 2980 2020 3028 2173.
2059 2970 2200 3029 2198.
2239 2982 2381 3028 2507.

383 3035 525 3093 2833.
547 3033 688 3094 2836.
710 3048 854 3096 2904.
876 3049 1018 3095 3245.
1042 3048 1184 3094 3251·
1214 3048 1340 3095 3305
1367 3028 1420 3087 f·,
1457 3031 1624 3079 dicitur
1647 3030 1879 3080 Abraham
1906 3045 2032 3094 pater
2054 3033 2103 3079 δε
2129 3031 2260 3079 Sarah
2285 3048 2384 3093 par-

381 3097 542 3143 turivit
565 3111 647 3143 vos
668 3118 682 3151 ς
718 3098 822 3144 inde
844 3097 924 3154 est,
949 3098 1077 3161 quod
1100 3099 1290 3153 dicatur,
1326 3098 1456 3160 quod
1478 3098 1726 3161 speAEtarent
1748 3097 1806 3144 ad
1829 3110 2003 3162 petram
2029 3098 2078 3144 δε
2101 3097 2156 3144 ad
2182 3095 2382 3153 foveam,

381 3178 430 3210 ar.
455 3163 511 3210 ad
530 3161 846 3211 Abrahamum
879 3176 1057 3226 patrem
1091 3165 1139 3212 &
1164 3164 1354 3274 SaramK·,
1379 3164 1567 3276 l{xlc—inde
1591 3163 1672 3220 est,
1708 3165 1834 3227 quod
1868 3164 2129 3212 immediate
2160 3162 2382 3275 sequatur}

652 3250 655 3252 i
1509 3247 1533 3277 2
2253 3244 2347 3291 quo
