2904 3750
740 220 1005 311 'CAPU
1020 210 1295 317 T=3ssvlss
1309 208 1448 316 Est
1462 208 1799 318 mlezN
1813 208 1944 321 Qu
1961 226 2123 290 UMr
2276 239 2415 329 539·

409 348 611 408 hemi,-
630 348 706 397 seu
728 350 980 403 decultimo
1006 366 1215 420 tempore
1239 354 1490 417 Ecclefiae„
1511 352 1716 419 quando·
1734 365 1826 410 non
1863 353 2059 416 amplius
2090 355 2239 420 aliqua
2275 339 2407 404 fid'es‘s

412 416 560 482 Apud
596 417 816 465 Eundem
854 427 888 449 “
925 420 1227 469 Fastum'est
1265 437 1368 468 cum
1395 417 1523 481 Jesus
1558 417 1849 467 accumberet
1882 432 1987 463 cum
2027 420 2135 476 illis,
2171 423 2403 486 accipiens

411 498 582 549 panem
607 482 857 542 benedixit,
895 486 946 532 ὅτ
970 486 1182 550 frangens
1208 486 1401 534 tradidit
1423 486 1529 542 illis,
1565 484 1737 533 illerum
1754 492 1892 530 autem
1911 488 2055 545 aperti
2065 487 2169 551 [εμπ
2192 490 2314 545 oculi,
2351 488 2401 535 δι’

413 564 733 612 cognoverunt
758 550 951 614 Ipsum’'
989 567 1154 599 xxiv:
1181 567 1258 614 30.
1287 568 1368 613 31,
1407 567 1489 616 per
1516 553 1603 598 hoc
1629 549 1936 612 significatum
1963 550 2045 605 est,
2078 553 2201 615 quod
2231 554 2398 601 Domi-

411 630 613 678 nus-per,
648 615 821 662 bonum
853 628 1087 680 appareat,
1124 632 1216 677 non
1237 625 1401 678 'aut-em
1434 630 1516 683 ptr
1540 627 1701 664 verum
1734 614 1900 678 absque
1933 616 2076 670 bono,
2115 619 2245 680 panis
2270 621 2397 667 enim

408 676 673 732 e‘st'bonum
704 678 891 739 ainoris‘,
925 687 985 729 'nz
1013 683 1124 747 276.
1153 683 1263 739 680.
1290 684 1433 748 2165.
1463 700 1607 749 ²177·
1633 687 1778 746 3478.
1807 695 1952 745 3735.
1982 687 2143 747 38133
2179 700 2233 731 ex
2260 685 2325 732 liis
2349 686 2400 732 δε

409 745 617 813 pluribus
647 744 747 794 aliis
769 747 882 795 locis
907 749 1097 807 constat,
1132 750 1256 815 quod
1284 749 1445 797 videre
1470 749 1517 797 in
1544 748 1669 797 sensu
1698 750 1880 795 interno
1907 747 1958 794 lit
1983 747 2095 796 fides
2118 766 2143 796 a
2168 750 2402 809 Domino,'

407 828 518 860 nam
541 826 636 859 non
656 811 753 859 alia
776 813 909 862 datur
933 813 1066 873 fides,
1103 831 1207 881 quae
1229 815 1293 863 est
1320 817 1454 874 fides,
1490 830 1628 881 quam
1654 830 1758 879 quae
1784 831 1809 861 a
1829 813 2060 870 Domino,
2099 816 2199 862 haec
2222 833 2400 880 quoquc

408 877 488 925 dat
513 875 752 926 hominem
780 880 960 938 videre,
997 881 1085 930 hoc
1107 882 1188 939 cst,
1223 882 1408 930 credere
1430 903 1445 936 ;
1482 882 1596 931 fides
1620 894 1772 929 autem
1800 897 1825 928 a
1848 878 1910 937 se,
1947 879 2020 926 seu
2045 897 2071 928 a
2095 884 2288 946 proprio
2315 885 2399 930 ho-

409 943 553 992 minis
577 960 672 991 non
694 945 758 994 est
783 944 913 1004 fides,
952 963 1059 995 narn
1086 948 1186 995 haec
1209 947 1323 997 facit
1343 948 1502 996 videre
1533 946 1645 995 falsa
1673 959 1722 995 ut
1744 961 1871 1002 vera,
1910 945 1958 991 ὅτ
1983 961 2093 994 vera
2114 961 2163 994 ut
2188 948 2311 1006 falsa,
2348 950 2399 997 ὅτ

399 1010 438 1057 Τ]
464 1023 655 1059 vera-ut
691 1027 818 1069 vera,
855 1013 993 1078 usque
1025 1030 1117 1061 non
1141 1013 1290 1071 videt,
1317 1016 1434 1080 'quia
1464 1030 1557 1062 non
1592 1013 1754 1070 credit,
1793 1011 1923 1059 videt
1958 1012 2085 1059 enim
2122 1013 2167 1061 se
2203 1014 2247 1062 in
2286 1016 2397 1072 illis,

409 1091 505 1123 non
529 1089 682 1124 autem
709 1077 986 1127 Dominum.
1060 1080 1203 1148 Qod
1227 1080 1391 1128 videre
1416 1081 1467 1129 fit
1492 1081 1635 1128 fidem
1661 1079 1827 1127 habere
1853 1077 1898 1125 in
1926 1078 2208 1137 Dominum,
2246 1083 2398 1145 potest

411 1143 650 1191 manifeste
689 1145 748 1192 ab
789 1144 894 1202 illis,
930 1146 1132 1210 quaejde
1171 1147 1270 1194 luce
1306 1147 1423 1194 coeli·
1453 1147 1613 1211 saepius
1651 1143 1776 1194 dicta
1806 1143 1924 1200 sunt,
1961 1145 2085 1208 quod
2122 1162 2289 1213 nempe
2323 1149 2397 1196 lux

411 1208 543 1266 coeli,
578 1209 685 1273 quia
715 1211 780 1258 est
803 1227 828 1257 a
851 1211 1080 1270 Domino,
1116 1211 1268 1263 secum
1302 1213 1465 1261 habeat
1497 1211 1847 1276 intelligentiam
1882 1212 1932 1258 &
1964 1211 2249 1275 sapientiam,
2285 1230 2397 1277 pro*

409 1273 519 1322 inde
549 1274 694 1322 fidem
724 1275 769 1323 in
795 1276 969 1342 Ipsum,
1006 1273 1259 1340 nantfides
1295 1279 1341 1326 in
1369 1280 1626 1338 Dominum
1654 1280 1773 1325 intus
1802 1277 1846 1324 in
1876 1276 2182 1340 intelligentia
2205 1279 2255 1326 &
2281 1281 2410 1346 sapia

407 1340 531 1389 entia
564 1340 648 1398 est,
690 1356 972 1407 quapropter
1004 1344 1163 1393 videre
1199 1361 1259 1393 ex
1295 1345 1371 1393 illa
1408 1346 1524 1404 luce,
1563 1345 1674 1393 sicut
1708 1343 1874 1391 vident
1904 1343 2097 1406 Angeli‚
2141 1361 2232 1392 non
2270 1347 2395 1394 aliud

407 1405 557 1470 potest
581 1407 834 1471 signi-ficare
857 1425 991 1474 quam
1020 1410 1162 1459 fidem
1193 1411 1238 1459 in
1267 1412 1548 1470 Dominum,
1585 1411 1650 1458 est
1674 1410 1813 1474 etiam
1841 1408 1943 1474 Ipse
1970 1409 2201 1459 Dominus
2227 1413 2269 1459 in
2297 1413 2395 1462 luce

410 1471 506 1530 illa,
541 1475 650 1538 quia
682 1475 893 1539 procedit
916 1493 943 1524 a
966 1477 1213 1534 Domin03
1250 1477 1325 1526 illa
1358 1480 1435 1526 lux
1468 1479 1607 1526 etiam
1639 1476 1722 1534 est,
1758 1491 1861 1541 quae
1893 1475 2013 1522 lucet
2043 1475 2089 1522 in
2121 1477 2396 1527 conscientia

409 1537 615 1598 illorum,
649 1541 728 1604 qui
752 1541 895 1590 fidem
923 1542 969 1590 in
997 1542 1150 1608 Ipsum
1177 1544 1365 1602 habent,
1402 1543 1583 1592 tametsi
1615 1543 1758 1591 horno
1783 1543 1874 1589 hoc
1899 1540 2056 1600 nescit,
2092 1545 2314 1608 quamdiu
2341 1545 2390 1594 in

408 1619 606 1669 corpore
627 1605 785 1664 vivit:
799 1623 906 1656 nam
933 1620 1042 1656 tunc
1062 1610 1143 1658 lux
1167 1610 1331 1659 mundi
1357 1610 1483 1660 illam
1510 1610 1655 1658 lucem
1681 1607 1901 1656 obscurat.
2073 1644 2076 1648 .

473 1671 621 1734 3864.
657 1671 982 1722 Afflictionem
1012 1690 1181 1733 meam,
1219 1692 1388 1741 nempe
1421 1675 1545 1739 quod
1569 1674 1692 1723 vidit
1726 1672 1960 1735 Jehovah‚
2005 1671 2132 1736 quod
2173 1671 2397 1735 significet

406 1734 574 1783 statum
615 1737 908 1802 perveniendi
942 1739 1001 1786 ad
1034 1741 1227 1799 bonum,
1264 1742 1438 1790 constat
1461 1758 1486 1789 a
1511 1739 1846 1804 fignificatione
1880 1735 2158 1794 affliffionis,
2193 1738 2318 1802 quod
2344 1740 2396 1787 fit

406 1801 617 1860 tentatiO,
652 1802 712 1852 de
743 1819 831 1869 qua
862 1821 918 1852 n:
957 1807 1100 1868 1846,
1130 1822 1242 1873 quae
1275 1807 1386 1872 quia
1418 1807 1482 1855 est
1514 1805 1722 1855 medium
1755 1820 1837 1870 per
1869 1803 1998 1869 quod
2034 1805 2302 1867 pervenitur
2333 1805 2393 1852 ad

410 1866 608 1926 bonum,
636 1868 714 1916 hic
733 1885 816 1935 per
837 1871 1138 1920 afflictionem
1164 1889 1314 1922 meam
1339 1873 1620 1936 fignificatur
1641 1871 1779 1920 status
1802 1885 1828 1918 a
1845 1875 1978 1928 vero,
1999 1870 2124 1936 quod
2150 1868 2216 1917 est
2239 1883 2391 1919 exter·

407 1949 538 1990 num,
575 1935 875 1997 perveniendi
897 1937 957 1984 ad
981 1936 1174 1996 bonurn,
1207 1939 1332 2003 quod
1356 1938 1421 1987 est
1445 1940 1689 1987 internum.
1760 1998 1763 2002 ¹
2405 1959 2407 1961 ·

476 1999 623 2065 3865.
660 1999 792 2068 Qia
813 2016 932 2049 nunc
953 2003 1126 2051 amabit
1150 2020 1224 2053 me
1247 2004 1320 2052 vir
1343 2019 1490 2063 meus,
1525 2005 1652 2069 quod
1675 2002 1902 2069 fignificet
1924 2002 2050 2068 quod
2076 2003 2184 2050 inde
2211 2003 2391 2052 bonum

409 2065 527 2124 veri,
573 2066 752 2115 constat
782 2082 809 2114 a
841 2067 1177 2132 significatione
1212 2070 1403 2129 amabit,
1443 2070 1569 2135 quod
1608 2070 1660 2118 fit
1703 2069 1812 2117 inde
1848 2070 2042 2125 bonum,
2088 2084 2227 2117 omne
2267 2071 2392 2118 enim

409 2131 583 2180 bonum
616 2131 682 2180 est
719 2133 907 2191 amoris,
944 2145 1081 2200 quare
1104 2135 1151 2183 id
1176 2153 1261 2202 per
1283 2153 1437 2186 amare
1462 2135 1538 2184 hic
1554 2135 1872 2200 'significatum
1908 2134 1958 2181 &
1982 2150 2038 2182 ex
2059 2134 2393 2198 significatione

407 2197 513 2254 viri,
547 2196 677 2262 quod
707 2198 760 2247 fit
782 2215 964 2258 verum,
1002 2202 1061 2250 de
1096 2218 1188 2267 qua
1222 2220 1281 2252 n:
1317 2219 1474 2267 3134:
1509 2202 1620 2268 quid
1659 2202 1950 2249 bonu-rn‘vcri
1987 2201 2112 2266 prius
2146 2202 2392 2264 aliquoties

406 2263 687 2329 explicatum
719 2263 801 2323 est,
837 2267 964 2331 quod
999 2276 1168 2334 nempe
1202 2268 1256 2317 fit
1286 2267 1474 2317 affeftio
1503 2268 1600 2317 veri
1636 2280 1825 2334 propter
1853 2269 2018 2323 vitam,
2056 2282 2162 2314 nam
2194 2267 2293 2315 vita
2323 2266 2391 2314 est

406 2325 586 2376 bonum
618 2330 743 2395 quod
773 2330 996 2397 spectatur
1022 2333 1072 2381 in
1095 2350 1208 2384 vero
1236 2334 1296 2384 ab
1323 2333 1409 2384 illis
1432 2335 1513 2400 qui
1537 2333 1692 2401 postea
1714 2345 2070 2397 regenerantur-3
2104 2331 2270 2397 absque
2292 2333 2390 2381 vita

409 2393 662 2462 secundum
685 2411 843 2445 verum
874 2397 997 2446 nulla
1025 2400 1080 2448 fit
1108 2396 1373 2465 'conjunctio
1395 2401 1494 2449 veri
1523 2416 1627 2448 cum
1660 2399 1804 2456 bono,
1841 2398 2040 2463 proinde
2069 2397 2190 2445 nulla
2219 2408 2392 2462 app'roe

406 2459 605 2523 priatio:
640 2461 730 2510 hoc
752 2462 991 2511 evidenter
1013 2465 1213 2514 constare
1237 2465 1386 2531 potest
1407 2466 1649 2524 unicuivis,
1685 2464 1719 2512 st
1736 2465 1940 2513 attendat
1962 2464 2017 2511 ad
2045 2462 2144 2511 illos
2168 2464 2246 2527 qui
2273 2466 2391 2512 male

409 2525 592 2584 vivunt,
628 2525 679 2575 ὅτ
701 2527 760 2575 ad
787 2528 886 2577 illos
915 2529 994 2594 qui
1024 2531 1141 2580 bene
1165 2532 1349 2591 vivunt,
1384 2532 1510 2597 quod
1543 2546 1711 2596 nempe
1743 2531 1822 2596 qui
1855 2529 1974 2578 male
1997 2529 2176 2586 vivunt,
2212 2531 2390 2580 tametsi

410 2591 456 2639 in
479 2592 678 2657 pueritia
701 2591 753 2641 δε
775 2593 820 2642 in
838 2590 1084 2659 Juventute
1107 2598 1378 2648 doctrinalia
1401 2598 1618 2646 Ecclestae
1638 2611 1842 2663 aequeac
1863 2596 1939 2643 alii
1962 2595 2218 2653 calluerint,
2252 2597 2390 2661 usque

407 2657 445 2710 ‚fi
476 2658 768 2723 explorentur
795 2661 907 2724 quid
939 2664 1128 2713 credant
1155 2665 1214 2713 de
1237 2665 1466 2723 Domino,
1503 2665 1562 2713 de
1586 2664 1679 2712 fide
1715 2665 1760 2710 in
1787 2661 1962 2727 Ipsum,
1995 2661 2048 2708 ὅτ
2071 2662 2129 2710 de
2154 2663 2274 2710 veris
2298 2663 2389 2710 Ec-

409 2723 571 2782 clefiae,
607 2727 866 2790 comperies
887 2729 1011 2792 quod
1037 2746 1094 2778 ne
1115 2730 1263 2780 hilum
1286 2731 1504 2786 credant;
1540 2743 1586 2778 at
1607 2731 1686 2794 qui
1709 2730 1828 2776 bene
1846 2729 2023 2786 vivunt,
2058 2727 2185 2793 quod
2207 2729 2392 2795 quisque

409 2804 571 2838 eorum
598 2789 740 2839 fidem
763 2793 897 2851 veriS,
933 2811 1038 2859 quae
1061 2796 1252 2845 credunt
1270 2814 1377 2846 vera
1398 2797 1503 2855 effe,
1542 2797 1766 2845 habeant:
1801 2794 1880 2860 qui
1903 2807 2056 2842 autem
2080 2795 2246 2843 docent
2270 2812 2396 2854 vera,

415 2866 470 2902 ut
488 2855 710 2906 antistites
731 2858 963 2919 Ecclesiae,
998 2861 1050 2909 δε
1070 2863 1191 2911 male
1212 2864 1393 2922 vivunt,
1429 2863 1616 2929 quidem
1651 2863 1695 2910 se
1728 2860 1883 2909 dicent
1910 2860 2116 2927 credere,
2150 2860 2226 2908 sed
2251 2860 2393 2927 usque

413 2918 556 2972 corde
577 2932 671 2970 non
695 2923 921 2983 credunt3
954 2928 1079 2993 apud
1117 2928 1342 2994 quosdam
1373 2929 1438 2978 est
1471 2928 1774 2994 persuasurum
1809 2926 1936 2992 quod
1975 2927 2197 2976 mentitur
2228 2926 2392 2985 fidem,

412 2981 491 3034 sed
524 2985 829 3051 persuafivum
867 2993 932 3041 est
972 2993 1081 3053 tale,
1116 2996 1242 3060 quod
1278 2997 1332 3045 fit
1372 2995 1677 3045 scientificum
1712 2993 2039 3042 confirmatum
2074 3009 2168 3041 non
2201 3006 2396 3058 propter

413 3052 538 3114 quod
569 3067 734 3104 verum
760 3054 842 3122 fit,
875 3057 951 3110 sed
989 3073 1183 3127 propter
1221 3062 1348 3127 quod
1385 3062 1435 3110 id
1467 3060 1784 3127 profitendum
1825 3058 1893 3107 sui
1928 3058 2089 3116 officii,
2125 3059 2310 3107 honoris
2344 3059 2394 3105 δε

413 3116 537 3191 lucr-i⁸
560 3118 724 3177 causa;
759 3121 851 3170 hoc
884 3140 976 3172 non
1006 3126 1143 3177 altius
1165 3130 1314 3187 vadit,
1350 3145 1490 3192 quam
1513 3144 1597 3193 per
1619 3142 1746 3175 aures
1772 3127 1818 3193 in
1842 3124 2142 3181 memoriam,
2178 3125 2228 3171 &
2251 3139 2276 3169 ²
2299 3138 2396 3170 me·

411 3196 570 3234 moria
603 3185 700 3235 exit
740 3186 788 3235 in
828 3187 968 3251 labia,
1014 3206 1112 3252 non
1153 3192 1310 3244 auten-1¹
1351 3194 1399 3240 in
1438 3209 1518 3241 cor
1552 3194 1602 3241 δι
1642 3189 1759 3254 inde
1784 3191 1837 3259 in
1872 3188 2209 3259 confeffionem.
2284 3188 2399 3237 Inde

1271 3259 1321 3308 Y
1355 3274 1386 3321 ἵ
1419 3274 1450 3323 y
1487 3273 1516 3316 2,
2256 3260 2415 3322 pateeg
