2872 3730
548 238 904 306 CAPUT
952 234 1563 301 VIGESIMUM
1619 236 2206 305 SECUNDUM.
2291 245 2376 327 65

377 375 505 441 quod
527 373 685 428 fumus
707 374 762 423 fit
783 372 943 422 falsum
976 386 1035 418 ex
1058 369 1196 428 malo,
1212 410 1216 412 .
1234 388 1264 419 n
1285 389 1296 420 :
1321 371 1438 421 1861
1465 389 1475 419 ε
1517 370 1642 435 apud
1665 370 1899 429 Eundem,
1937 377 1972 401 “
1997 374 2249 437 Frangetur
2277 376 2379 423 urbs

379 443 619 499 inanitatis,
654 442 903 489 claudetur-
921 439 1075 486 omnis
1105 438 1274 485 domus
1307 437 1364 485 ab
1399 438 1642 493 intrando;
1688 437 1862 488 clamor
1900 438 2030 502 super
2053 443 2162 487 vino
2199 443 2245 488 in
2279 443 2373 505 pla-

377 511 478 566 teiS,
516 507 785 556 desolabitur
806 505 956 554 omnis
979 502 1153 561 laetitia,
1188 503 1386 551 exulabit
1407 504 1631 568 gaudium
1654 516 1802 561 terrae,
1835 505 2062 568 reliquum
2094 508 2139 552 in
2164 509 2265 554 urbe
2298 509 2376 554 de·

380 574 552 631 solatio,
592 575 642 621 δι’,
665 573 904 634 vastatione
917 574 1184 634 percutietur
1197 582 1350 633 porta,
1385 587 1490 618 nam
1525 572 1587 617 ita
1609 572 1695 619 erit
1732 572 1779 617 in
1807 571 1962 619 medio
1984 585 2130 629 terrae,
2156 575 2202 620 in
2228 574 2380 620 medio

381 640 712 707 populorum,’'
753 654 907 686 xxxv:
934 656 1005 689 10.
1034 656 1107 687 11.
1138 655 1208 687 12.
1243 655 1333 701 133
1370 638 1478 684 urbs
1498 638 1717 684 inanitatis
1733 654 1839 701 quae
1863 635 2098 702 frangetur
2120 655 2206 702 pro
2228 653 2379 686 mente

382 709 582 757 humana
604 705 735 769 quod
759 706 992 769 deprivata
1013 721 1140 761 vero,
1176 706 1327 751 omnis
1351 705 1517 751 domus
1541 705 1668 768 quod
1699 704 1933 752 claudetur
1957 721 2042 768 pro
2065 706 2193 768 quod
2217 705 2379 769 absque

383 773 523 830 bono,
563 773 692 836 quod
715 772 884 819 domus
923 772 978 819 s1t
1011 771 1204 828 bonum,
1244 788 1302 818 n:
1325 788 1466 834 2233.
1488 771 1670 834 *22343
1715 771 1888 818 clamor
1913 771 2042 835 super
2062 774 2174 819 vino
2210 775 2258 818 in
2283 773 2377 835 pla-

382 841 464 888 teis
489 855 574 903 pro
595 838 709 887 statu
733 836 845 896 falfi,
886 839 1013 902 quod
1049 838 1222 886 clamor
1241 833 1516 900 praedicetur
1538 837 1595 885 de
1618 835 1750 895 fals15,
1781 854 1811 884 n
1831 856 1841 886 :
1864 855 2024 899 22403
2067 839 2195 902 quod
2218 840 2382 885 vinum

384 906 440 954 fit
464 906 643 963 verum,
678 905 735 952 de
774 921 869 969 quo
902 905 1076 953 clamor
1098 904 1225 967 quod
1249 920 1340 951 non
1363 903 1434 960 fit,
1472 920 1502 950 n
1526 922 1537 951 :
1570 919 1707 968 1071.
1742 909 1862 968 1798
1887 927 1902 960 ·,
1947 905 2074 968 quod
2098 905 2276 970 plateae·
2298 905 2387 955 fint

382 989 492 1038 quae
526 972 701 1020 ducunt
732 971 788 1019 ad
810 987 934 1028 vera,
970 988 1000 1019 n
1019 990 1030 1019 ε
1052 989 1077 1020 2
1086 989 1110 1035 3
1119 971 1215 1035 363
1273 970 1430 1017 laetitia
1461 986 1568 1034 quae
1601 969 1839 1027 desolatur,
1874 972 2147 1034 praedicatur
2174 972 2231 1019 de
2256 987 2382 1031 vere,

383 1039 608 1104 gaudium
631 1051 762 1086 terrae
786 1038 915 1102 quod
938 1037 1106 1094 exulat,
1143 1038 1200 1084 de
1223 1036 1377 1092 bono·,
1418 1037 1524 1084 inde
1554 1050 1678 1101 patet
1711 1038 1824 1101 quid
1848 1038 2088 1101 fignificat,
2129 1039 2258 1103 quod
2283 1038 2388 1086 reli·

384 1121 533 1170 quum
574 1107 622 1152 in
646 1103 768 1152 ‘urbe
798 1103 1028 1161 desolatio,
1065 1105 1114 1152 &
1138 1104 1265 1168 quod
1287 1103 1529 1151 vastatione
1564 1107 1840 1167 percutietur
1863 1118 2030 1168 porta;
2072 1106 2239 1152 vastata
2273 1105 2387 1152 dici-

387 1185 462 1220 tur
501 1184 635 1236 porta
667 1188 776 1219 cum
811 1188 903 1219 non
953 1172 1034 1219 nisi
1076 1187 1217 1234 quam
1271 1171 1388 1216 mala
1430 1170 1480 1216 &
1531 1167 1634 1217 falsa
1673 1184 1874 1233 regnant.
1949 1172 2095 1235 Apud
2118 1173 2386 1233 Jeremiam,

389 1243 426 1265 “
448 1239 555 1285 Viae
576 1239 735 1284 Zionis
759 1237 982 1299 lugentes,
1018 1249 1070 1284 ut
1092 1253 1186 1283 non
1209 1238 1400 1283 veniant
1431 1235 1489 1282 ad
1524 1234 1687 1284 festum
1713 1237 1915 1294 statum„
1931 1254 2091 1285 omnes
2116 1241 2265 1287 Portae
2297 1240 2386 1302 ejus

383 1302 599 1368 desolalae,
640 1303 887 1351 sacerdotes
920 1301 1015 1366 ejus
1038 1314 1249 1366 gemunt,
1286 1303 1485 1366 virgines
1509 1300 1604 1366 ejus
1638 1307 1803 1361 anxiae,
1845 1305 1893 1351 &
1919 1303 1985 1351 illi
2008 1321 2243 1361 amarum3
2283 1304 2389 1352 fasti

388 1371 520 1432 hostes
554 1372 640 1435 ejus
676 1371 721 1417 in
746 1382 898 1433 caput,
938 1372 1100 1417 inimici
1121 1371 1210 1433 ejus
1241 1367 1397 1426 securi,
1441 1370 1546 1433 quia
1568 1370 1775 1432 Jehovah
1798 1371 2020 1418 anxietate
2042 1371 2209 1428 affecit,
2259 1370 2390 1434 super

391 1437 739 1485 multitudinem
775 1437 1199 1500 praevaricationum
1241 1434 1354 1498 ejus,
1394 1434 1583 1491 infantes
1621 1435 1715 1501 ejus
1749 1436 1986 1484 abiverunt
2025 1439 2195 1502 captivi
2237 1453 2392 1485 coram

391 1503 553 1564 h0ste‚”
588 1502 776 1551 Thren:
804 1522 822 1552 1
847 1521 925 1562 :4.
954 1519 1016 1564 53
1057 1504 1147 1549 viae
1171 1502 1330 1548 Zionis
1354 1503 1560 1564 lugentes
1595 1518 1680 1565 pro
1713 1504 1842 1566 quod
1877 1520 1968 1550 non
1991 1505 2184 1568 amplius
2208 1521 2314 1551 vera
2335 1517 2392 1550 ex

393 1569 535 1624 bono,
570 1568 699 1630 quod
721 1569 812 1614 viae
834 1567 922 1613 fint
945 1582 1055 1613 vera
1087 1583 1146 1614 n:
1173 1572 1278 1630 189.
1312 1568 1422 1630 627.
1461 1584 1486 1615 2
1494 1585 1519 1630 3
1529 1584 1553 1631 3
1562 1584 1625 1630 33
1670 1584 1833 1615 omnes
1866 1581 2014 1632 portae
2046 1569 2270 1626 desolatae,
2308 1586 2393 1633 pro

391 1633 521 1698 quod
543 1649 703 1681 omnes
729 1632 876 1687 aditus
899 1633 1112 1696 occupati
1153 1648 1180 1679 a
1214 1631 1363 1688 falfis;
1412 1630 1517 1694 facti
1552 1633 1699 1680 hostes
1732 1636 1780 1680 in
1819 1648 1972 1698 caput,
2014 1652 2099 1699 pro
2122 1636 2249 1700 quod
2276 1636 2394 1683 mala

394 1712 615 1764 regnent:
657 1699 782 1764 apud
802 1699 1037 1756 Eundem,
1075 1704 1109 1725 “
1133 1697 1343 1760 Jehovah
1366 1698 1521 1763 lugere
1542 1697 1652 1747 fecit
1675 1701 1966 1758 antemurale,
2001 1703 2052 1749 &
2075 1718 2261 1750 murum
2285 1701 2394 1748 filiae

391 1767 569 1825 Zionis»,
610 1766 745 1815 simul
778 1766 1010 1831 languent,
1050 1765 1242 1829 demersae
1262 1768 1309 1814 in
1328 1776 1490 1814 terram
1506 1777 1647 1828 portae
1668 1769 1772 1830 q'us,
1806 1766 2006 1832 perdidit
2029 1769 2077 1817 δε
2101 1766 2239 1833 fregit
2260 1773 2397 1817 velles

393 1835 517 1899 qius,
558 1849 638 1882 rex
670 1831 767 1898 ejus
789 1835 838 1881 δε
871 1835 1100 1897 principes
1133 1830 1228 1897 ejus
1252 1835 1299 1880 in
1322 1833 1569 1897 gentibus;
1615 1850 1708 1882 non
1733 1834 1821 1891 lex,
1861 1835 1996 1882 etiam
2031 1836 2266 1900 prophetae
2303 1852 2397 1883 non

394 1902 667 1950 invenerunt
687 1900 906 1948 visionem
937 1917 962 1948 a
983 1900 1193 1962 Jehovah
1213 1922 1228 1957 3
1269 1913 1542 1965 aperuerunt
1577 1899 1710 1965 super
1742 1914 1786 1949 te
1809 1917 1860 1949 os
1884 1900 2017 1949 suum
2041 1918 2200 1950 omnes
2224 1903 2398 1950 inimici

394 1969 482 2025 tui,
534 1966 819 2014 exsibilarunt
852 1968 903 2015 ὅτ
941 1965 1236 2014 frenduerunt
1282 1968 1435 2026 dente,
1484 1968 1712 2025 dixerunt,
1762 1967 2077 2026 absorbsimus,
2129 1971 2288 2033 utique
2321 1969 2397 2016 hic

395 2033 494 2082 dies
527 2032 591 2081 est
624 2049 765 2098 quem
797 2033 1170 2098 exspectavimus,
1205 2035 1481 2092 invenimus,
1517 2034 1772 2093 vidimus‚''
1820 2035 1976 2083 Thren
1998 2055 2008 2085 :
2031 2052 2091 2094 11,
2130 2041 2172 2086 8.
2211 2055 2256 2102 9.
2306 2036 2361 2084 16
2382 2058 2398 2091 ;

394 2100 614 2149 demersae
648 2102 696 2147 in
721 2113 886 2148 terram
909 2112 1078 2164 portae,
1111 2117 1198 2165 pro
1227 2101 1357 2164 quod
1381 2117 1510 2149 mens
1534 2102 1743 2150 naturalis
1779 2116 1999 2167 occupata
2032 2120 2057 2150 a
2090 2103 2221 2151 malis
2244 2103 2294 2151 ὅτ
2316 2101 2398 2150 fal-

394 2166 452 2215 fis
471 2189 488 2224 ;
531 2182 614 2214 rex
635 2164 731 2230 ejus
753 2168 805 2216 &
827 2169 1053 2232 principes
1086 2168 1134 2214 in
1157 2167 1386 2232 gentibus,
1426 2185 1513 2233 pro
1546 2169 1674 2234 quod
1709 2185 1815 2217 vera
1848 2170 2057 2218 immersa
2081 2170 2228 2227 malis,
2267 2169 2398 2234 quod

384 2247 481 2293 ,rex
514 2234 569 2282 fit
590 2249 753 2282 verum
777 2234 824 2282 in
848 2251 1027 2299 genere,
1062 2251 1124 2283 n:
1149 2235 1288 2300 1672.
1330 2241 1468 2300 1728.
1499 2253 1641 2299 2015.
1671 2237 1835 2301 2069,
1873 2237 2002 2301 quod
2036 2238 2261 2301 principes
2298 2252 2401 2283 vera

398 2301 627 2362 primaria,
663 2317 726 2349 n:
751 2305 890 2360 1482.
930 2306 1094 2367 2089;
1142 2301 1270 2365 quod
1306 2315 1463 2365 gentes
1499 2303 1586 2350 fint
1619 2303 1752 2359 mala,
1789 2320 1856 2350 n:
1891 2320 2028 2365 1259.
2078 2304 2215 2352 1260.
2259 2307 2399 2366 1849.

386 2365 551 2413 .1868.
591 2370 735 2425 2588.
806 2367 956 2428 Apud
989 2366 1174 2423 Mosen,
1225 2372 1259 2394 “
1285 2369 1410 2415 Gens
1446 2385 1472 2415 a
1511 2369 1782 2432 longinquo,
1834 2368 1905 2414 ab»
1929 2370 2209 2415 extremitate
2250 2382 2398 2424 terrae,

402 2430 652 2493 angustabit
673 2439 716 2478 te
737 2431 784 2476 in
812 2430 999 2478 omnibus
1025 2434 1170 2493 portis
1193 2433 1305 2494 fitis,
1339 2434 1388 2478 in
1421 2445 1516 2479 tota
1544 2445 1660 2480 terra
1691 2447 1785 2489 tua,
1825 2435 1887 2480 ita
1919 2434 2172 2497 angustabit
2204 2448 2249 2481 te
2277 2434 2402 2494 hcstis

402 2498 542 2553 tuis,”
574 2496 702 2542 Deut
724 2514 736 2544 ε
762 2511 933 2542 xxan
955 2514 967 2543 ε
993 2513 1074 2559 52,
1101 2514 1183 2560 53,-
1217 2498 1335 2545 inter
1355 2498 1708 2556 makdiffiones,
1744 2515 1853 2562 quas
1878 2499 2032 2547 Moses
2067 2500 2284 2564 praedixit
2319 2516 2405 2563 po-

355 2615 357 2618 ,
404 2562 536 2628 pulo,
572 2559 605 2608 s1
627 2577 720 2609 non
754 2574 1066 2625 permanerent
1088 2563 1134 2609 in
1167 2565 1406 2626 praeceptis
1431 2566 1478 2611 δε
1503 2564 1712 2620 statutis,
1747 2580 1858 2630 gens
1894 2581 1920 2611 a
1942 2566 2198 2629 longinquo
2234 2566 2290 2614 ab
2322 2582 2401 2613 ex-

400 2630 628 2676 tremitate
651 2641 800 2685 terrae,
836 2628 882 2675 in
907 2627 1030 2676 sensu
1058 2629 1236 2676 interno
1269 2645 1355 2692 pro
1378 2630 1581 2692 malis&
1604 2629 1739 2687 falfiS,
1776 2630 1848 2678 seu
1873 2631 1960 2680 illis
2001 2634 2079 2696 qui
2116 2635 2163 2681 in
2196 2632 2319 2680 malo
2353 2636 2403 2681 &

405 2693 552 2752 falso;
593 2694 828 2758 angustare
856 2696 908 2742 in
932 2693 1148 2745 omnibus
1168 2698 1328 2760 portis,
1369 2712 1456 2760 pro
1491 2696 1715 2744 secludere
1749 2713 1939 2745 omnem
1979 2700 2158 2747 aditum
2194 2699 2317 2747 bono
2354 2701 2404 2748 &
2447 2700 2450 2703 ’

406 2778 552 2818 vero3
588 2762 736 2825 Apud
758 2760 967 2819 Nahum,
1006 2766 1040 2788 “
1064 2761 1188 2809 Ecce
1210 2762 1411 2826 populus
1449 2775 1555 2811 tuus
1593 2764 1800 2811 mulieres
1834 2766 1880 2811 in
1915 2765 2070 2813 medio
2106 2767 2190 2822 tui,
2227 2768 2407 2814 inimicis

380 2865 383 2867 -
405 2828 625 2891 aperiendo
646 2838 808 2890 apertae
817 2829 924 2891 sunt
938 2838 1081 2890 portae
1104 2838 1232 2876 terrae
1253 2839 1356 2887 tuae,
1390 2830 1596 2882 comedit
1617 2831 1735 2894 ignis
1759 2836 1898 2879 vestes
1920 2842 2030 2889 tuos,
2070 2849 2206 2897 aquas
2246 2833 2406 2881 obsidii

407 2895 536 2946 hauri
561 2893 661 2951 tibi,
698 2894 920 2941 confirma
943 2896 1227 2942 munimenta
1249 2907 1342 2953 tua,
1379 2897 1494 2947 intra
1516 2899 1563 2948 in
1587 2913 1794 2954 coenum,
1831 2899 1880 2945 δε
1905 2898 2024 2946 calca
2048 2899 2270 2956 bitumen,
2297 2916 2406 2948 con-

381 2961 543 3014 --firma
575 2959 805 3014 fornacem
841 2961 1131 3018 lateritiam,”
1175 2978 1239 3008 111
1262 2981 1273 3010 ε
1300 2980 1372 3026 13.
1403 2982 1494 3025 143
1537 2965 1735 3011 inimicis
1774 2976 1940 3027 apertae
1966 2978 2113 3027 portae
2136 2978 2286 3022 terrae,
2324 2982 2408 3029 pro

409 3027 538 3092 quod
578 3027 697 3079 mala
734 3040 962 3093 occupent
999 3028 1173 3086 locum,
1210 3027 1287 3076 ubi
1322 3043 1454 3093 erunt
1477 3031 1608 3077 bona.
1679 3031 1732 3077 In
1757 3030 1903 3077 Libro
1926 3030 2167 3093 Judicum,
2205 3038 2238 3059 ‘⁶
2264 3032 2409 3079 Ceflh·

411 3106 519 3140 runt
540 3094 648 3150 viae,
686 3095 942 3141 &iverunt
965 3093 1157 3152 semitas,
1194 3097 1374 3143 iverunt
1397 3098 1491 3144 vias
1526 3095 1764 3153 tortuosas,
1801 3097 2015 3146 cefl‘arunt
2039 3099 2130 3144 vici
2162 3100 2208 3145 in
2241 3097 2410 3155 Israele,

412 3157 556 3221 elegit
585 3160 694 3208 deos
724 3176 887 3217 novos,
923 3171 1024 3208 tunc
1048 3165 1286 3226 oppugnari
1299 3174 1472 3225 portas,
1514 3163 1700 3227 clypeus
1734 3163 1768 3209 si
1790 3162 1927 3220 visus,
1968 3164 2043 3210 vel
2080 3162 2198 3211 hasta
2233 3165 2278 3210 in
2301 3180 2411 3227 qua-

413 3224 626 3289 draginta
661 3226 863 3279 millibus
895 3227 1114 3287 Israelis,''
1158 3244 1221 3279 v:
1249 3230 1295 3282 6.
1325 3247 1367 3297 7.
1398 3234 1461 3286 83
1519 3229 1848 3295 Propheticum
1887 3229 2085 3281 Deborae
2130 3232 2181 3279 &
2216 3230 2417 3290 Baraki3

1473 3297 1496 3345 I
2236 3312 2419 3363 oppug-
