2872 3730
623 248 974 342 CAPUT
1025 240 1586 327 v-IGESIMUM
1637 238 2154 314 TER-Tum.
2341 261 2432 335 99

413 378 518 430 sunt
557 399 616 432 ex
654 382 890 430 voluntate
923 378 1084 434 carniS,
1134 393 1230 424 non
1267 393 1325 424 ex
1362 376 1518 433 corde,
1566 375 1695 439 quod
1731 391 1788 422 ex
1826 377 1962 424 corde
1999 377 2062 424 est
2100 394 2156 425 ex
2189 379 2412 430 Domino.

408 448 637 498 Praeterea
656 449 831 498 Anima
850 448 898 494 in
921 442 1078 493 Verbo
1101 442 1323 506 fignificat
1343 444 1391 489 in
1412 442 1648 498 universali
1678 441 1800 490 sensu
1839 458 2025 489 omnem
2062 445 2221 501 vitam,
2256 448 2410 494 videa·

409 526 485 562 tur
507 531 571 564 n:
601 530 743 564 1000.
767 530 906 574 1005.
933 527 1074 571 1040.
1099 525 1220 574 1742
1246 510 1472 565 ;.Anima
1508 510 1633 555 enim
1665 507 1729 554 est
1765 509 1814 554 in
1850 507 2084 555 universali
2122 509 2244 557 sensu
2274 512 2432 569 illud,-

408 596 466 628 ex
487 595 583 645 quo
604 580 727 628 aliud
749 576 1072 632 Est&vivit,
1109 577 1171 623 ita
1207 576 1358 623 anima
1395 576 1599 638 corporis
1637 573 1702 621 est
1738 572 1833 637 ejus
1872 574 2067 638 spiritus,
2102 591 2158 621 ex
2191 591 2248 622 eo
2282 580 2406 626 enim

409 644 529 694 vivii:
548 660 714 711 corpus
732 666 750 701 ·,
782 644 934 699 anima
969 654 1125 692 autem
1155 641 1336 707 spiritus
1358 642 1421 691 est
1452 639 1548 705 ejus
1571 641 1666 688 vita
1687 640 1836 692 adhuc
1869 641 2068 697 interior,
2103 657 2161 688 ex
2182 657 2274 705 qua
2296 642 2406 706 sapit

407 711 739 841 &3333ng
761 758 1065 841 sepeliendum
1088 789 1324 825 mortuum
1351 790 1508 823 meum
1525 790 1550 821 a
1566 790 1720 822 coram
1752 789 1843 829 me,
1878 773 2006 837 quod
2033 773 2252 888 fiigssfficet
2274 775 2404 838 quod

404 848 463 890 ex
482 844 618 892 node
647 859 880 908 emergere
899 844 950 892 ὅτ
973 843 1199 907 resurgere
1220 843 1407 900 vellent,
1441 839 1612 890 constat
1635 857 1661 888 a
1688 840 2014 904 significatione
2035 874 2041 878 »
2070 841 2241 903 epeliri,
2275 841 2403 904 quod

403 906 462 955 fit
491 908 719 974 resurgere
738 933 757 967 3
792 913 842 958 δε
867 910 1056 967 mortui,
1076 909 1220 974 >quod
1258 908 1312 956 fit
1349 923 1444 956 nox
1482 906 1635 972 quoad
1671 906 1791 956 bona
1828 908 1878 955 &
1915 917 2023 956 vera
2057 907 2183 963 fidei,
2218 907 2276 955 de
2314 921 2406 970 qua

404 971 536 1040 supra
556 992 618 1039 n:
647 993 791 1041 2923.
817 993 966 1043 2925,
998 976 1080 1024 ubi
1112 976 1270 1024 eadem
1295 975 1445 1023 verba.
2336 1002 2340 1003 ff

473 1058 616 1108 2932.
652 1043 829 1091 Audite
868 1059 961 1099 me,
1009 1041 1139 1106 quod
1171 1041 1395 1107 fignificet
1423 1053 1477 1088 ut
1514 1039 1895 1105 obtemperarent,
1928 1039 2102 1092 constat
2133 1056 2159 1088 a
2177 1039 2401 1104 fignifica-

402 1107 526 1156 tione
548 1108 727 1167 audire„
755 1108 884 1173 quod
905 1108 960 1158 fit
991 1108 1176 1158 obedire
1204 1109 1281 1156 seu
1301 1107 1626 1171 obtemperare,
1661 1107 1719 1154 de
1741 1124 1829 1170 qua
1851 1124 1881 1155 n
1901 1125 1911 1155 ι
1939 1124 1965 1156 2
1972 1124 2084 1170 542.

473 1190 617 1239 2933,
652 1175 718 1225 Et
739 1174 1000 1223 intercedite
1038 1175 1152 1223 mihi
1182 1174 1303 1238 apud
1326 1175 1598 1238 Ephronem
1618 1173 1770 1220 filium
1794 1173 1990 1230 Zochar,
2024 1172 2150 1237 quod
2177 1172 2399 1237 significet

402 1238 505 1287 illos
542 1241 665 1304 apud
701 1256 819 1304 quos
854 1256 1020 1288 verum
1055 1241 1105 1288 &
1140 1240 1323 1289 bonum
1360 1240 1468 1303 fidei
1508 1240 1646 1303 recipi
1682 1239 1842 1304 poffet,
1877 1239 2074 1288 constare
2105 1240 2252 1303 potest
2276 1239 2397 1296 inde,

402 1306 532 1369 quod
565 1322 691 1370 ager,
722 1307 779 1355 δι’
814 1307 862 1355 in
895 1322 1007 1369 agro
1044 1305 1270 1370 spelunca,
1317 1305 1400 1353 ubi
1438 1304 1703 1370 sepeliretur
1734 1306 1887 1364 Sarah,
1923 1305 2155 1371 Ephronis
2183 1307 2312 1362 effet,
2347 1307 2396 1353 δε
2415 1306 2427 1315 ‘

403 1374 510 1436 quia
548 1389 628 1438 per
664 1372 942 1437 sepulturam
984 1372 1259 1438 significatur
1294 1375 1591 1436 regeneratio,
1635 1389 1693 1421 n:
1723 1373 1869 1437 2916,
1919 1372 2119 1438 sequitur
2151 1373 2280 1436 quod
2319 1387 2399 1435 per

403 1438 541 1488 illum,
575 1438 883 1503 fignificentur
918 1438 983 1487 illi
1017 1439 1141 1503 apud
1176 1455 1293 1504 quos
1315 1455 1476 1487 verum
1509 1441 1560 1487 δε
1600 1437 1775 1486 bonum
1807 1439 1917 1486 fidei
1949 1440 2088 1503 recipi
2111 1439 2278 1503 poffet:
2314 1439 2400 1485 filii

402 1503 553 1563 Cheth
574 1504 888 1570 repraesentant
910 1506 1047 1553 etiam
1069 1503 1269 1562 eosdem,
1302 1519 1525 1568 quatenus
1547 1520 1605 1552 ex
1628 1505 1857 1568 Ephronis
1879 1505 1989 1553 urbe
2026 1506 2180 1561 essent,
2215 1505 2264 1552 &
2288 1521 2398 1567 qua-

402 1569 656 1683 tenugsjus
679 1570 885 1635 populus
900 1569 1052 1618 efflant.
1121 1571 1210 1622 Pet
1230 1570 1506 1619 intercedere
1525 1570 1601 1618 hic
1623 1570 1901 1634 significatur
1938 1573 2177 1636 praeparari
2207 1570 2265 1619 ad
2288 1571 2403 1618 reci-

435 1651 508 1683 1en
574 1651 638 1683 m.

399 1649 434 1699 P
470 1701 614 1769 5934.
649 1700 772 1751 Vers
781 1720 792 1750 :
819 1721 868 1768 9⁴
902 1703 968 1752 Et
989 1701 1062 1752 det
1083 1701 1191 1751 mihi
1201 1702 1448 1767 speluncam
1469 1700 1730 1765 Machpelae,
1765 1718 1856 1769 quae
1878 1702 1961 1760 illi,
1995 1720 2087 1768 quae
2121 1705 2167 1750 in
2189 1701 2283 1762 fine
2303 1702 2405 1765 agri

400 1767 506 1831 qus,
541 1770 588 1816 in
609 1779 785 1832 argento
809 1768 937 1832 pleno
968 1769 1041 1821 det
1077 1769 1201 1818 illam
1234 1770 1357 1829 mihi,
1392 1771 1444 1818 in·
1460 1769 1591 1818 medio
1619 1769 1767 1830 vestri,
1802 1769 1862 1818 ad
1884 1769 2151 1834 pofflffionem
2169 1770 2400 1833 sepulchri.

400 1834 496 1882 Det
530 1835 649 1884 mihi
687 1834 945 1900 speluncam
979 1835 1243 1900 Machpelae
1283 1852 1390 1900 quae
1429 1835 1511 1894 illi,
1562 1835 1788 1900 fignificat
1822 1835 2066 1884 obscurum
2106 1835 2232 1893 fidei,
2273 1836 2403 1900 quod

402 1900 518 1949 illis:
555 1914 661 1971 quae
684 1904 732 1949 in
756 1901 846 1950 fine
865 1904 980 1967 agri,
1015 1902 1237 1967 fignificat
1265 1902 1344 1950 ubi
1372 1918 1535 1967 parum
1558 1903 1802 1951 Ecclefiae:
1841 1903 1888 1950 in
1910 1916 2100 1967 argento
2123 1902 2276 1966 plen0‚
2311 1903 2400 1964 fig-

401 1966 558 2032 nificat
577 1969 907 2034 redemtionem
930 1985 1012 2033 per
1034 1985 1223 2017 verum:
1260 1969 1340 2018 det
1373 1970 1495 2019 illam
1538 1969 1651 2024 mihi
1681 1971 1728 2017 in
1761 1970 1919 2018 medio
1940 1969 2074 2017 vestri
2095 1970 2153 2017 ad
2175 1969 2400 2034 poffeffio-

402 2047 509 2081 nem
534 2032 774 2098 sepulchri,
809 2034 1032 2099 fignificat
1053 2036 1361 2099 poffeffionem
1381 2036 1441 2084 fic
1467 2052 1550 2101 per
1568 2039 1965 2100 regenerationem.
2486 2090 2489 2092 ,

471 2117 614 2165 2935·
658 2102 757 2149 Det
792 2102 914 2150 mihi,
938 2099 1198 2166 speluncam
1236 2102 1514 2167 Machpelae,
1565 2103 1692 2167 quod
1736 2103 1960 2167 significet
1994 2102 2238 2152 obscurum
2274 2102 2399 2159 fidei,

401 2165 575 2214 constat
596 2183 625 2215 a
655 2167 982 2233 fignifieatione
1014 2168 1256 2233 speluncae,
1290 2170 1417 2233 quod
1440 2169 1494 2218 s1t
1517 2169 1778 2226 obscurum,
1799 2172 1872 2217 *de
1893 2186 1985 2234 qua
2016 2187 2077 2218 n:
2105 2172 2230 2234 2463
2253 2193 2267 2226 ς
2304 2171 2351 2216 &
2377 2186 2404 2216 a

400 2231 725 2295 fignificatione
765 2234 1044 2299 Machpelae‚
1095 2236 1224 2300 quod
1258 2235 1315 2283 fit
1359 2235 1471 2284 fides
1509 2252 1616 2300 quae
1656 2238 1703 2285 in
1734 2235 1941 2285 obscuro.
2012 2237 2154 2295 Quod
2178 2236 2403 2299 Spelunca

401 2297 624 2360 fignificet
655 2299 917 2357 obscurum,
952 2301 1058 2349 inde
1095 2302 1177 2359 est,
1214 2303 1322 2366 quia
1359 2302 1487 2350 locus
1526 2303 1591 2350 est
1628 2302 1916 2357 teneb'rosus;
1953 2317 2062 2349 cum
2100 2302 2267 2349 dicitur
2300 2302 2398 2363 spe-

402 2362 539 2410 lunca
559 2364 745 2420 montis,
781 2378 892 2413 tunc
930 2365 995 2413 est
1033 2366 1276 2415 obscurum
1317 2367 1441 2424 boni,
1477 2381 1525 2416 at
1543 2384 1652 2416 cum
1677 2369 1844 2415 dicitur
1875 2367 2084 2430 spelunca
2112 2370 2208 2429 agri
2232 2368 2398 2414 Mach-

402 2429 535 2492 pel'ae,
583 2441 696 2478 tunc
733 2429 802 2477 est.
835 2429 1080 2479 obscurum
1119 2435 1250 2488 veri-,
1299 2433 1375 2480 hic
1413 2435 1519 2496 quia
1563 2434 1730 2481 dicitur
1767 2432 1978 2495 spelunca
2016 2433 2294 2496 Machpelae‚
2347 2435 2399 2479 ὅτ

401 2495 647 2560 Maehpcla
683 2509 776 2544 erat
819 2497 905 2543 ubi
937 2513 1059 2560 ager,
1110 2498 1158 2545 in
1197 2496 1327 2562 cujus
1365 2498 1455 2546 fine
1494 2497 1719 2562 spelunca,
1767 2497 1831 2545 est
1876 2497 2120 2558 obscurum
2159 2500 2270 2556 veri,
2322 2499 2396 2546 seu

400 2561 529 2624 quod
563 2562 689 2610 idem
712 2560 970 2610 obscurum
1009 2564 1134 2620 fidei,
1160 2603 1164 2605 ,
1186 2565 1291 2612 inde
1328 2581 1514 2628 quoque
1550 2578 1690 2628 patet,
1741 2564 1869 2627 quod
1908 2564 2154 2628 Machpela
2190 2566 2243 2612 sit
2285 2565 2397 2612 fides

398 2643 506 2692 quae
530 2629 588 2675 in.
609 2626 812 2676 obscuro.
881 2629 982 2690 Qui
1005 2643 1337 2693 regenerantur,
1372 2632 1422 2678 ὅτ.
1453 2630 1573 2678 fiunt
1602 2631 1864 2695 spirituale3,
1898 2629 1999 2678 sunt
2021 2647 2161 2693 quam
2198 2633 2399 2679 maxime

399 2695 448 2741 in
486 2693 678 2743 obscuro
715 2695 868 2759 quoad
906 2711 1101 2752 verum,
1133 2696 1326 2750 vbonurn
1369 2697 1556 2760 quidem
1596 2714 1622 2744 a
1654 2698 1862 2745 Domino
1907 2698 2028 2760 apud
2075 2698 2176 2745 illos
2229 2699 2397 2754 influit,

400 2758 481 2808 sed
526 2777 619 2808 non
669 2762 730 2808 ita
770 2777 967 2820 verum,
1019 2779 1157 2826 quare
1202 2765 1320 2811 inter
1364 2765 1624 2812 Dominum
1670 2766 1717 2811 δε
1767 2764 1944 2811 bonum
1989 2765 2112 2827 apud
2158 2764 2395 2812 hominem

402 2826 535 2875 datur
573 2826 874 2891 paralelismus
910 2830 959 2876 &
997 2828 1414 2892 correspondentia,
1466 2847 1559 2878 non
1597 2844 1747 2877 autem
1790 2832 1906 2877 inter
1943 2846 2135 2887 verum,
2191 2832 2397 2878 videatur

399 2908 460 2940 n:
492 2898 647 2959 1832:
678 2893 823 2956 ,causa
867 2896 1079 2958 primaria
1118 2896 1199 2953 est,
1249 2899 1355 2959 quia
1394 2913 1486 2944 non
1534 2897 1678 2944 sciunt
1720 2898 1833 2960 quid
1879 2896 2072 2952 bonum,
2128 2898 2178 2944 δε
2225 2898 2396 2944 tametli

401 2956 593 3015 scirent,
644 2959 787 3023 usque
832 2976 924 3008 non
970 2977 1026 3008 ex
1072 2963 1208 3010 corde
1252 2963 1462 3020 credunt,
1515 2964 1824 3027 &quamdiu
1872 2962 2046 3009 bonum
2086 2963 2172 3009 illis
2218 2964 2263 3009 in
2312 2964 2394 3009 ob-

397 3022 531 3072 scuro
564 3026 644 3083 est,
680 3026 859 3074 tamdiu
893 3029 1027 3075 etiam
1067 3028 1131 3076 est
1168 3044 1349 3086 verum,
1384 3046 1490 3077 nam
1529 3046 1587 3077 ex
1626 3031 1747 3076 bono
1779 3044 1916 3076 omne
1951 3045 2148 3083 verum·,
2192 3027 2266 3074 sed
2296 3030 2393 3076 cla-

402 3090 513 3147 rius»,
545 3091 672 3154 quod
698 3093 930 3141 Dominus
962 3094 1016 3141 fit
1046 3094 1195 3158 ipsum
1218 3097 1419 3153 Bonum,
1457 3098 1505 3144 &
1542 3096 1669 3160 quod
1708 3112 1845 3142 omne
1883 3095 2009 3156 quod
2047 3094 2110 3140 est
2147 3096 2310 3141 amoris
2349 3095 2403 3140 in.

401 3154 574 3218 Ipsum,
624 3159 676 3205 &
714 3159 940 3207 charitatis
974 3176 1083 3224 erga
1119 3163 1406 3225 proximum,
1443 3162 1495 3208 fit
1531 3163 1726 3218 bonum,
1769 3164 1818 3207 ἃ·
1841 3177 1977 3207 omne
2008 3160 2132 3222 quod
2175 3159 2220 3206 id
2254 3160 2397 3205 asserit

398 3222 712 3291 &confirmat
733 3224 988 3286 fit‘verum,
1024 3244 1119 3277 non
1156 3228 1299 3282 [ciunt
1339 3228 1419 3275 nisi
1460 3244 1681 3293 perquam
1723 3226 1947 3283 obscure,
1981 3228 2078 3273 imo
2101 3225 2408 3293 etiam-dubia.

1347 3294 1396 3342 N
1435 3311 1462 3343 2
2223 3294 2398 3346 iuvent,
