2872 3730
497 261 580 343 36
986 253 1972 321 GENESJS.

491 383 605 429 mini
639 381 788 447 quoad
828 381 1003 431 bonum
1034 399 1125 430 non
1150 383 1300 447 potuit
1321 381 1431 445 pati,
1467 379 1541 427 seu
1563 378 1707 428 subire
1745 381 2028 441 tentationes,
2064 383 2118 430 ad
2145 384 2481 438 Bonumenim

494 448 722 496 Divinum
762 449 912 497 nullus
951 451 1109 512 genius
1146 462 1222 496 aut
1262 447 1438 512 spiritus
1463 446 1678 495 inducens
1716 449 1980 495 tentationes
2003 449 2149 514 potest
2172 452 2397 508 accedere,
2433 451 2484 498 ὅτ

498 514 630 578 supra
652 517 1135 574 'omnemtentationis
1173 527 1423 569 conatum,
1460 526 1505 560 at
1526 513 1701 561 Verum
1725 515 1952 562 Divinum
1985 515 2199 578 ligatum,
2234 530 2325 564 erat
2359 516 2487 580 quod

497 583 650 646 potuit
672 583 848 638 tentari,
883 581 1068 628 fallaciae
1110 582 1230 628 enirn
1270 580 1385 637 sunt,
1422 581 1471 627 &
1497 581 1641 644 magis
1677 578 1797 637 falsa,
1832 589 1938 643 quae
1977 582 2089 629 illud
2129 581 2399 647 infringunt,
2435 584 2484 630 &

500 650 562 694 ita
581 661 787 704 tentant,
824 649 880 696 de
901 648 1025 694 Vero
1054 650 1174 695 enim
1199 647 1373 694 Divino
1411 645 1556 710 potest
1595 644 1781 693 formari
1818 645 1968 710 aliqua
2006 649 2120 705 idea,
2169 648 2245 696 ⁴sed
2293 665 2384 696 non
2428 650 2486 696 de

501 715 632 762 Bono
654 716 828 762 Divino
862 714 942 761 nis1
977 714 1033 760 ab
1065 715 1151 760 illis
1172 714 1253 777 qui
1282 714 1616 777 perceptionem
1639 712 1827 768 habent,
1854 714 1903 760 ὅτ
1934 713 2229 778 suntAngeli
2250 715 2482 763 coelestes:

501 780 677 828 Verum
700 781 926 828 Divinum
950 792 1056 837 erat,
1092 780 1218 843 quod
1242 796 1333 827 non
1371 779 1563 843 amplius
1603 778 1939 842 agnoscebatur,
1975 796 2083 827 cum
2108 782 2339 828 Dominus
2362 782 2487 828 venit

503 849 549 894 in
575 847 818 903 mundum,
855 862 990 911 quare
1024 846 1137 893 illud
1162 859 1255 893 erat
1273 863 1329 893 ex
1351 861 1445 910 quo
1468 846 1698 892 Dominus
1729 843 1860 892 subiit
1886 846 1934 892 &
1969 846 2173 894 sustinuit
2195 849 2484 895 tentationes:

501 913 677 961 Verum
714 915 939 961 Divinum
980 913 1271 961 ineDomino
1305 912 1384 969 est,
1420 912 1547 975 quod
1567 924 1755 959 vocatur
1773 911 1896 970 filius
1917 912 2110 970 hominis,
2146 915 2326 961 Bonum
2351 915 2486 962 Divi-

497 976 614 1028 'num
654 993 804 1027 autern
838 981 883 1027 in
916 980 1140 1035 Domin0,
1175 978 1302 1042 quod
1335 991 1523 1025 vocatur
1543 978 1679 1027 Filius
1702 980 1788 1026 Dei
1806 1000 1820 1032 ς
1856 978 1911 1025 de
1936 979 2055 1026 Filio
2087 979 2282 1027 hominis
2322 980 2488 1044 pluries

502 1043 614 1094 dicit
635 1047 865 1093 Dominus
895 1045 1021 1109 quod
1063 1046 1277 1108 passurus,
1313 1044 1534 1108 nusquam
1574 1057 1725 1091 autem
1760 1043 1817 1090 de
1839 1045 1959 1092 Filio
1981 1046 2092 1093 Dei:
2132 1046 2256 1109 quod
2290 1046 2346 1093 de
2369 1046 2489 1095 Filio

501 1113 697 1160 hominis
722 1112 793 1158 seu
817 1113 941 1158 'Vero
962 1112 1155 1167 Divino,
1192 1110 1362 1157 constat
1384 1111 1506 1174 apud
1532 1110 1829 1165 Matthaeum‚
1868 1115 1901 1137 “
1923 1111 2044 1158 Ecce
2067 1111 2347 1159 ascendimus
2369 1113 2489 1160 Hie-

500 1178 789 1241 rosolymam,
825 1179 874 1225 ὅτ
897 1176 1032 1226 Filius
1071 1177 1247 1224 hominis
1283 1175 1482 1225 tradetur
1509 1176 1789 1239 principibus
1812 1175 2126 1234 sacerdotibus,
2161 1179 2210 1225 &
2235 1178 2403 1235 scribis,
2438 1180 2488 1226 &

501 1244 867 1292 condemnabunt
907 1243 1047 1299 Illum,
1097 1244 1147 1289 ὅτ
1192 1242 1366 1289 tradent
1405 1241 1529 1289 Illum
1575 1242 1786 1304 gentibus
1822 1241 1877 1288 ad
1924 1242 2206 1290 illudendum
2249 1245 2296 1290 &
2336 1245 2490 1306 flagel—

502 1312 689 1358 landum
727 1310 870 1366 Illum,
921 1310 970 1356 &
1011 1308 1425 1372 crucifigendum,’'
1462 1323 1555 1354 xx:
1589 1311 1660 1355 18.
1692 1325 1780 1371 19:
1834 1308 1954 1370 apud
1996 1307 2229 1366 Eundem,
2291 1314 2324 1336 “
2362 1309 2490 1371 Jesus

498 1377 613 1423 dixit
635 1375 862 1439 discipulis
886 1375 989 1431 suiS,
1026 1390 1128 1422 ecce
1151 1374 1270 1422 adest
1295 1375 1417 1431 hora,
1455 1375 1504 1421 ὅτ
1526 1373 1663 1422 Filius
1698 1374 1875 1421 hominis
1891 1373 2107 1425 -tradetur
2130 1376 2175 1422 in
2201 1391 2356 1423 manus
2379 1392 2487 1440 pec—

496 1443 750 1498 catorum‚''
787 1458 940 1489 xxvr:
967 1458 1063 1504 45:
1118 1440 1238 1505 apud
1279 1442 1511 1496 Marcum,
1562 1445 1597 1467 ‘⁶
1633 1439 1760 1501 Jesus
1806 1442 1944 1503 caepit
1985 1440 2145 1488 docere
2190 1439 2307 1499 illos,
2359 1443 2488 1506 quod

496 1506 701 1573 oporteat
722 1508 877 1556 Filium
913 1508 1089 1555 hominis
1131 1506 1274 1554 multa
1310 1509 1419 1571 pati,
1455 1507 1505 1554 ὅτ
1530 1505 1753 1569 reprobari
1790 1522 1815 1554 a
1837 1505 2099 1564 senioribus,
2133 1508 2184 1555 ὅτ
2208 1509 2488 1572 principibus

498 1575 795 1631 sacerdotum,
832 1590 882 1621 ac
913 1573 1080 1630 scribis,
1117 1575 1166 1619 ὅτ
1197 1573 1364 1629 occidi,
1399 1571 1499 1635 post
1528 1584 1616 1618 tres
1640 1584 1790 1619 tamen
1816 1572 1910 1618 dies
1927 1572 2200 1635 resurgere‚''
2237 1590 2368 1621 vm:
2395 1593 2486 1637 31:

497 1641 618 1705 apud
643 1638 875 1697 Eundem,
929 1644 962 1666 “
987 1640 1219 1703 Scriptum
1258 1638 1314 1685 de
1339 1638 1448 1686 Filio
1484 1637 1660 1684 hominis
1698 1636 1777 1694 est,
1829 1638 1956 1701 quod
1995 1638 2140 1685 multa
2178 1638 2386 1701 patietur,
2436 1641 2486 1688 ὅτ

497 1718 843 1755 contemnetur:
881 1707 929 1753 ὅτ
953 1705 1090 1753 Filius
1126 1705 1304 1753 hominis
1342 1703 1539 1751 tradetur
1578 1705 1623 1750 in
1665 1719 1823 1750 manus
1863 1703 2121 1761 hominum,
2157 1706 2236 1768 qui
2276 1707 2486 1755 occident

497 1774 638 1831 Illum,
675 1771 748 1820 sed
784 1770 955 1819 occisus
995 1773 1122 1818 tertia
1156 1772 1229 1818 die
1263 1769 1509 1833 resurget,''
1548 1786 1627 1817 ix:
1659 1787 1729 1818 12.
1759 1787 1813 1833 31
1840 1788 1851 1818 :
1888 1771 2009 1834 apud
2034 1771 2267 1829 Eundem,
2306 1777 2340 1800 “
2364 1773 2487 1820 Ecce

497 1839 774 1887 ascendimus
798 1836 1184 1900 Hierosolymam,
1220 1837 1270 1884 ὅτ
1297 1837 1430 1883 Filius
1453 1835 1630 1883 hominis
1657 1836 1859 1884 tradetur
1890 1836 2174 1900 principibus
2206 1838 2489 1887 sacerdotum

496 1908 544 1954 &
583 1905 751 1962 scribis,
787 1908 866 1968 qui
906 1902 1275 1951 condemnabunt
1308 1902 1433 1950 Illum
1474 1903 1651 1961 mortis,
1687 1902 1864 1950 tradent
1886 1903 2010 1951 Illum
2034 1902 2257 1961 Ethnicis,
2302 1903 2348 1951 hi
2384 1904 2486 1952 illu-

496 1973 606 2019 dent
629 1972 770 2029 Illum,
808 1972 856 2019 ὅτ
880 1969 1094 2035 exspuent
1126 1972 1171 2017 in
1197 1969 1421 2026 Illum‚&
1459 1968 1669 2029 occident
1692 1969 1833 2026 Illum,
1870 1972 1999 2017 tertia
2034 1981 2186 2016 tamen
2233 1971 2306 2018 die
2346 1970 2488 2019 resur-

496 2039 624 2102 get‚’'
659 2054 715 2086 x:
746 2055 819 2101 33.
851 2055 942 2100 34:
979 2036 1099 2100 apud
1125 2036 1358 2093 Eundem,
1405 2039 1446 2099 “.
1464 2035 1602 2082 Venit
1642 2035 1767 2092 hora,
1802 2052 1904 2083 ecce
1927 2035 2128 2083 tradetur
2149 2037 2286 2100 Filius
2308 2037 2489 2085 hominis

496 2108 543 2151 in
582 2120 740 2151 manus
778 2104 1115 2167 peccatorum‚”
1151 2118 1268 2149 xlv:
1294 2120 1386 2162 41:
1424 2102 1543 2164 apud
1568 2102 1766 2159 Lucam,
1817 2107 1850 2129 “
1884 2103 2083 2164 Oportet
2113 2103 2270 2150 Filium
2308 2102 2487 2152 hominis

497 2171 642 2218 multa
672 2170 783 2234 pati,
818 2170 867 2216 ὅτ
907 2168 1132 2232 reprobari
1166 2185 1191 2215 a
1227 2167 1468 2215 senioribus
1508 2169 1556 2215 ὅτ
1595 2167 1875 2231 principibus
1907 2167 2205 2225 sacerdotum,
2241 2169 2290 2216 &
2315 2168 2483 2228 scribis,

496 2238 546 2286 ὅτ
571 2237 735 2292 occidi,
771 2236 820 2282 ὅτ
860 2237 990 2282 tertia
1027 2234 1098 2281 die
1141 2234 1415 2297 resurgere,”
1453 2249 1531 2289 1x:
1561 2234 1635 2281 26.
1662 2250 1754 2294 44:
1791 2233 1914 2296 apud
1935 2234 2168 2291 Eundem,
2206 2240 2239 2261 “
2263 2235 2484 2285 Ascendi-

495 2319 598 2350 mus
625 2300 1013 2364 Hierosolymam,
1048 2300 1126 2347 ubi
1150 2301 1439 2364 perficientur
1462 2301 1630 2356 omnia,
1664 2316 1771 2363 quae
1801 2298 1970 2363 scripta
2002 2299 2102 2346 sunt
2137 2316 2217 2363 per
2238 2301 2484 2366 Prophetas

495 2369 552 2416 de
576 2369 686 2415 Filio
710 2369 903 2424 hominis,
940 2367 1138 2414 tradetur
1160 2365 1419 2429 gentilibus,
1463 2366 1512 2412 ὅτ
1546 2365 1777 2422 illudetur,
1827 2366 1876 2414 &
1917 2366 2204 2413 contumeliis
2249 2367 2486 2425 afficietur,

496 2436 544 2483 &
585 2433 868 2497 conspuetur,
921 2435 971 2480 ὅτ
1010 2431 1282 2496 flagellantes
1320 2431 1529 2478 occident
1552 2432 1694 2488 Illum,
1747 2432 1819 2478 die
1865 2443 2019 2478 tamen*
2062 2432 2196 2478 tertio
2237 2431 2483 2496 resurget‚''

494 2517 760 2563 xvn1232.
790 2517 864 2563 33.
892 2516 978 2562 34:
1036 2498 1157 2562 apud
1204 2498 1438 2553 Eundem,
1493 2502 1526 2523 ‘⁶
1567 2497 1777 2559 Angelus
1822 2497 1895 2543 ad¹
1924 2497 2147 2552 mulieres,
2204 2511 2488 2547 mementote*

450 2578 452 2581 ’
496 2567 622 2628 quod
645 2566 860 2628 loquutus
881 2566 942 2611 est
966 2564 1113 2620 vobis,
1149 2579 1256 2610 cum
1297 2563 1443 2609 adhuc
1480 2562 1582 2608 effet
1617 2563 1664 2607 in
1687 2561 1892 2617 Galilaea,
1929 2561 2098 2617 dicens,
2118 2562 2260 2623 ,quod
2292 2559 2482 2627 oportet

495 2632 652 2680 Filium
685 2632 859 2677 hominis
891 2630 1025 2693 prodi
1058 2630 1105 2674 in
1143 2643 1301 2692 manus
1330 2627 1569 2673 hominum
1603 2638 1908 2689 peccatorum,
1944 2627 1992 2673 &
2017 2627 2240 2691 crucifigi,
2275 2629 2325 2679 &
2347 2631 2481 2678 tertio

500 2698 572 2743 die
604 2695 877 2759 resurgere,''
913 2709 1057 2740 xxiv:
1088 2709 1129 2757 7.
1185 2693 1235 2738 ln
1271 2691 1484 2739 omnibus
1518 2691 1583 2738 his
1605 2692 1713 2739 locis
1737 2708 1816 2754 per
1837 2692 1994 2741 Filium
2010 2693 2194 2740 *hominis
2216 2695 2506 2758 intelligitur.

499 2764 729 2810 Dominus
765 2761 917 2824 quoad
945 2760 1114 2806 Verum
1151 2759 1396 2818 Divinum,
1433 2756 1503 2804 seu
1534 2758 1684 2821 quoad
1705 2758 1911 2805 Verbum
1945 2759 1990 2804 in
2019 2757 2142 2806 sensu
2175 2759 2255 2807 suo
2286 2763 2479 2820 interno,

500 2828 625 2891 quod
650 2844 673 2874 a
695 2827 972 2891 principibus
995 2825 1273 2872 sacerdotum
1304 2825 1352 2871 ὅτ
1376 2823 1543 2880 scribiS,
1579 2824 1892 2888 reprobaretur
1924 2825 2210 2873 contumeliis
2248 2828 2481 2886 afficietur,

500 2894 807 2958 flagellaretur,
845 2891 1144 2955 exspueretur‚
1181 2892 1229 2939 ὅτ
1271 2890 1625 2954 crucifigeretur,
1662 2904 1713 2937 ut
1749 2891 1947 2938 constare
1978 2890 2123 2954 potest
2164 2892 2388 2941 manifeste
2424 2911 2486 2942 ex

500 2977 570 3017 eo,
605 2960 731 3022 quod
756 2959 908 3021 Judaei
945 2960 1101 3005 omnia
1123 2959 1171 3004 ὅτ
1195 2956 1368 3019 singula
1391 2957 1472 3003 fibi
1501 2957 1800 3020 applicuerint
1831 2958 1880 3004 ὅτ
1905 2962 2210 3019 arrogaverint
2232 2958 2479 3009 secundum

499 3027 691 3081 literam,
728 3042 809 3072 nec
847 3024 952 3072 scire
991 3024 1217 3076 voluerint
1238 3024 1483 3086 quicquam
1508 3019 1800 3086 de'spirituali
1824 3022 1944 3071 sensu
1967 3023 2143 3079 Verbi„
2160 3024 2210 3071 ὅτ
2233 3024 2290 3072 de
2313 3026 2480 3089 Regno

500 3092 685 3147 coelesti,
723 3091 948 3138 credentes
988 3091 1194 3136 Messiam
1235 3101 1479 3135 venturum
1521 3087 1576 3136 ad
1612 3089 1896 3136 evehendum
1936 3104 2131 3151 regnum
2168 3105 2325 3136 eorum
2349 3090 2481 3154 super

499 3160 652 3207 (mn'a
675 3174 808 3220 regna
831 3169 977 3211 terrae,
1014 3155 1125 3202 sicut
1160 3156 1294 3202 etiam
1330 3155 1463 3201 hodie
1493 3154 1715 3209 credunt;
1752 3155 1856 3201 inde
1877 3166 2014 3217 patet,
2049 3155 2174 3219 quod
2197 3157 2370 3203 Verum
2392 3159 2479 3206 Di-

494 3228 656 3275 vinum
680 3222 829 3281 fuerit,
863 3221 989 3287 quod
1011 3221 1067 3269 ab
1088 3220 1174 3268 illis
1202 3219 1510 3284 reprobatum,
1545 3220 1830 3283 contumeliis
1865 3219 2096 3279 affestum,
2131 3221 2404 3286 flagellatura
2426 3225 2477 3272 ὅτ

2331 3305 2475 3338 cruci-
