2904 3750
767 145 1103 214 CAPUT
1149 142 1709 208 VIGESIMUM
1753 98 2146 214 ΝοΝυΜζ
2335 152 2471 236 487

472 282 602 335 sensu
632 282 680 333 su
706 284 865 339 remo,
902 278 1143 346 quomodo
1176 275 1405 326 Dominus
1426 274 1652 325 Naturale
1683 274 1812 324 suum
1843 275 2038 327 elevavit
2067 279 2209 345 usque
2242 278 2300 329 ad
2329 279 2470 339 Divi-7

468 298 887 470 nwndum
910 346 1152 405 ordinem,
1182 342 1474 392 ascendendo
1496 359 1524 390 a
1540 343 1670 391 Vero
1691 353 1888 391 externo
1909 357 1994 405 per
2016 347 2182 410 gradus
2205 347 2263 395 ad
2287 349 2474 397 Bonum

468 422 518 470 5¹11
534 415 556 433 ³
722 439 739 475 ;
772 416 825 465 &
852 415 900 463 in
930 413 1058 462 sensu
1087 408 1485 477 repraesentativo,
1521 409 1767 474 quomodo
1788 409 2028 458 Dominus
2057 412 2280 462 Naturale
2316 414 2467 463 homi-

468 488 559 545 nis,
595 502 703 534 cum
729 483 861 533 illum
886 489 1146 542 regenerat,
1176 475 1423 524 secundum
1460 474 1657 523 fimilem
1687 475 1922 532 ordinem,
1960 492 2135 526 novum
2168 479 2304 527 facit:
2341 482 2467 546 quod

465 556 630 610 homo,
725 549 739 598 i
766 551 813 597 in
838 545 989 595 adulta
1011 554 1146 591 aetate
1171 554 1484 606 regeneratur,
1522 541 1773 590 secundum
1797 543 2013 591 ordinem
2040 544 2087 591 in
2113 545 2203 593 hoc
2226 547 2390 610 Capite
2413 549 2465 597 δε

465 616 668 684 sequenti
705 631 756 664 us
795 614 842 661 in
881 609 1002 659 sensu
1038 610 1224 657 interno
1253 608 1550 672 descriptum,
1586 609 1930 673 progrediatur,
1978 611 2137 674 paucis
2176 625 2337 660 notum
2368 614 2463 668 est;

463 685 592 734 causa
609 684 695 740 est,
735 680 843 746 qu‘n
866 678 997 744 pauci
1020 675 1152 739 super
1178 675 1226 723 id
1252 675 1509 730 reflectunt,
1545 676 1685 723 etiam
1709 679 1816 741 quia
1838 678 1974 740 pauci
2006 677 2147 726 hodie
2182 679 2367 743 poffunt
2392 697 2460 728 re-

461 749 686 817 generari,
723 747 825 796 sunt
857 745 983 793 enim
1017 742 1183 790 ultima
1217 755 1430 806 tempora
1457 742 1692 800 Ecclefiae,
1729 743 1916 808 quando
1951 751 2047 791 non
2080 744 2279 810 amplius
2314 746 2463 811 aliqua

459 818 674 873 charitas,
709 812 906 879 proinde
937 826 1031 858 non
1067 809 1198 866 fides,
1236 808 1287 856 δε
1321 809 1424 874 quia
1457 812 1535 865 ita,
1574 825 1632 857 ne
1666 809 1859 874 quidem
1898 809 2043 858 sciunt
2071 811 2186 876 quid
2223 810 2355 868 fides,
2392 826 2459 861 ta-

459 884 591 933 metfi
613 883 662 930 in
687 880 900 932 omnium
923 893 1003 925 ore
1027 875 1093 923 est
1115 875 1241 942 quod
1266 891 1351 938 per
1375 875 1520 923 fidem
1552 875 1749 924 salvetur
1783 877 1946 933 horno,
1986 877 2096 925 inde
2120 878 2271 926 adhuc
2307 879 2460 928 min'us

457 951 603 1000 sciunt
625 949 739 1013 quid
760 946 991 1001 Charitas,
1028 942 1079 990 δε
1109 959 1218 991 cum
1255 941 1355 989 haec
1386 940 1533 989 solum
1567 941 1718 1006 quoad
1754 958 1891 992 voces
1917 944 2062 992 modo
2093 957 2203 993 nota
2236 939 2357 1002 sunt,
2407 946 2458 994 &

460 1016 612 1082 quoad
647 1014 888 1065 effentiam
915 1012 1093 1076 ignota,
1131 1010 1237 1057 inde
1261 1007 1343 1064 est,
1377 1007 1504 1072 quod
1539 1008 1738 1066 dietum,
1773 1010 1901 1074 quod
1935 1010 2067 1076 pauci
2101 1013 2270 1076 poffint
2303 1013 2457 1061 reflec-

458 1097 555 1131 tere
590 1082 724 1148 super
757 1080 988 1135 ordinem,
1024 1075 1274 1125 secundum
1310 1091 1448 1139 quem
1488 1075 1632 1123 homo
1668 1091 1812 1123 novus
1848 1076 1904 1123 fit
1935 1077 2009 1125 seu
2045 1091 2356 1140 regeneratur,
2403 1080 2456 1128 &

458 1165 644 1214 quoque
677 1147 798 1212 quod
834 1143 964 1209 pauci
1001 1140 1259 1205 regenerari
1296 1142 1486 1204 poffint..
1563 1142 1691 1201 Quia
1727 1142 1803 1190 hic
1839 1141 1898 1189 de
1936 1144 2151 1191 Naturali
2188 1146 2358 1208 agitur,
2403 1147 2456 1194 δι’

458 1217 551 1263 hoc
575 1214 926 1278 repraesentatur
958 1226 1043 1273 per
1072 1208 1328 1269 Jacobum,
1363 1223 1454 1255 non
1491 1206 1660 1256 dicitur
1681 1207 1810 1273 quod
1833 1211 2078 1272 surrexerit
2114 1211 2165 1257 &
2198 1211 2335 1258 iverit
2364 1227 2453 1261 ter-

459 1298 558 1329 ram
593 1281 802 1328 filiorum
837 1276 1050 1332 orientis,
1088 1274 1164 1322 secl
1198 1273 1331 1338 quod⁴
1364 1272 1583 1321 fiffiulerit
1616 1275 1755 1338 pedes
1790 1273 1908 1333 suOS,
1944 1290 2192 1341 utrumque
2223 1278 2454 1342 fignificat

456 1347 780 1404 elevationem,
814 1344 938 1410 quod
966 1343 1146 1405 surgere
1171 1339 1415 1403 significet,
1447 1339 1652 1387 videatur
1674 1356 1703 1387 n
1730 1358 1740 1387 :
1769 1356 1913 1401 2401.
1938 1347 2082 1407 2785.
2122 1361 2266 1408 2912.
2306 1362 2452 1411 2927.

457 1430 581 1478 3171
610 1433 624 1475 Ξ
659 1411 784 1478 quod
811 1413 884 1460 hic
907 1410 1087 1457 dicatur
1108 1407 1270 1455 tollere
1295 1407 1454 1469 pedeS,
1489 1405 1556 1452 est
1589 1404 1838 1471 respective
1866 1408 1926 1455 ad
1959 1410 2183 1464 naturale,
2221 1428 2327 1460 nam
2363 1414 2450 1460 Pe·

454 1482 535 1528 des
570 1479 831 1542 significant
866 1477 1093 1532 naturale,
1120 1473 1330 1522 videatur
1365 1489 1392 1519 n
1422 1490 1432 1518 :
1472 1473 1615 1521 2162.
1654 1488 1822 1537 31473
1856 1475 1984 1538 quod
2017 1476 2159 1541 pedes
2194 1477 2453 1541 fignificent

450 1547 655 1594 naturale
690 1544 772 1592 seu
800 1543 1042 1599 naturalia,
1087 1539 1151 1588 est
1182 1554 1243 1586 ex
1273 1537 1683 1603 correspondentia
1720 1555 1827 1587 curn
1863 1541 2080 1590 Maximo
2112 1544 2347 1603 Homine,
2389 1547 2452 1595 de

448 1627 539 1677 qua
561 1611 618 1659 ad
645 1611 787 1658 finem
814 1609 1032 1673 Capitum
1057 1621 1201 1661 nunc,
1237 1605 1285 1652 in
1310 1620 1423 1668 quo,
1460 1619 1639 1670 nempe⁴
1659 1606 1880 1654 Maximo
1903 1609 2135 1667 Homine,
2173 1610 2240 1658 illi
2276 1612 2357 1677 qui
2389 1613 2450 1661 ad

448 1677 744 1744 provinciam
781 1673 959 1722 Pedum
997 1672 1253 1739 pertinent,
1286 1669 1388 1717 sunt
1420 1669 1501 1734 qui
1543 1670 1591 1716 in
1626 1672 1815 1719 naturali
1851 1673 1948 1720 luce
1982 1675 2101 1732 sunt,
2137 1674 2189 1722 &
2211 1692 2372 1739 parum
2399 1680 2449 1728 in

446 1741 672 1810 spirituali
697 1765 711 1798 ·,
749 1742 855 1789 inde
878 1754 1059 1806 quoque
1082 1738 1163 1795 est,
1199 1735 1325 1802 quod
1350 1751 1462 1801 quae‘
1482 1734 1602 1784 infra
1625 1737 1766 1802 pedes
1792 1737 1917 1796 sunt,
1953 1752 2004 1786 ut
2041 1742 2200 1806 planta
2229 1743 2280 1790 δε
2304 1745 2450 1794 calca-

446 1824 612 1867 neum,
644 1809 903 1872 significant
942 1799 1100 1854 infima
1135 1802 1371 1860 naturalia,
1405 1801 1618 1850 videatur
1651 1820 1679 1850 n
1709 1821 1720 1852 :
1749 1819 1773 1851 2
1783 1821 1885 1868 593
1923 1805 1974 1852 δι
2008 1806 2116 1854 inde
2134 1808 2327 1868 calceus,
2363 1813 2449 1876 qui

447 1877 588 1923 etiam
621 1873 866 1938 aliquoties
899 1872 1164 1919 nominatur
1201 1869 1250 1917 in
1280 1868 1459 1927 Verbo,
1495 1870 1697 1918 naturaie
1729 1885 2036 1936 corporeum,
2066 1874 2192 1939 quod
2229 1877 2445 1928 ultimum

444 1940 530 1999 est,
565 1956 593 1987 n
620 1956 632 1987 ε
664 1939 806 2003 1748.

514 2007 658 2071 3762.
695 2004 759 2053 Et
792 2004 878 2052 ivit
897 2017 1066 2053 terram
1101 2001 1309 2050 filIorum
1340 2001 1555 2060 orientia,
1593 2002 1720 2068 quod
1754 2003 1985 2067 fignificet
2018 2005 2079 2054 ad
2109 2023 2218 2055 vera
2248 2009 2445 2068 amoris,

442 2087 615 2137 nempe
638 2070 974 2127 elevationem,
1004 2067 1181 2117 constat
1206 2083 1263 2116 ex
1284 2067 1622 2131 significat-ione
1655 2082 1792 2117 terrae
1828 2071 2030 2120 filiorum
2056 2074 2281 2131 orientis3
2316 2079 2445 2141 quod

443 2145 594 2191 Aram
616 2137 692 2188 seu
719 2137 854 2200 Syria
877 2136 1003 2184 dieta
1027 2135 1082 2182 fit
1105 2147 1224 2182 terra
1248 2133 1450 2182 filiorum
1473 2133 1687 2191 orientis,
1724 2147 1869 2199 patet,
1904 2139 2015 2202 quia
2040 2139 2149 2188 illuc
2181 2141 2224 2188 se
2247 2145 2443 2192 contulit

439 2206 609 2269 Jacob,
643 2203 856 2252 videatur
879 2203 1019 2252 etiam
1046 2217 1075 2249 n
1102 2217 1112 2248 :
1141 2215 1307 2265 32493
1344 2199 1475 2265 quod
1518 2215 1602 2263 per
1626 2201 1810 2264 Syriam
1847 2202 1894 2258 in
1930 2218 2102 2266 genere
2125 2206 2441 2269 significentur

436 2272 726 2336 cognitiones
750 2270 883 2328 boni,
919 2286 947 2316 n
976 2286 988 2315 ε
1020 2283 1159 2331 1232.
1203 2284 1351 2330 1234,
1382 2266 1609 2315 ostensum
1635 2266 1717 2324 est,
1751 2279 1799 2314 at
1822 2266 1868 2315 in
1892 2266 2037 2333 specie
2059 2286 2142 2334 per
2164 2273 2313 2322 Aram
2341 2278 2442 2326 Na-
2470 2326 2474 2330 ,

437 2337 619 2386 haraim
642 2333 717 2384 seu
735 2336 919 2399 Syriam
938 2334 1184 2382 fluviorum
1203 2331 1516 2395 significantur
1534 2333 1828 2396 cognitiones
1846 2334 1963 2392 veri,
1999 2351 2030 2382 n
2054 2353 2067 2383 ε
2095 2352 2241 2400 3051.
2271 2342 2404 2403 3664
2421 2365 2438 2399 ς

438 2404 519 2453 hic
540 2414 696 2451 autem
731 2418 826 2450 non
849 2400 1020 2448 dicitur
1043 2397 1166 2463 quod
1202 2397 1342 2446 iverit
1363 2397 1422 2447 ad
1445 2400 1596 2447 Aram
1622 2398 1696 2447 seu
1720 2399 1920 2462 Syriam,
1957 2399 2035 2448 sed
2069 2403 2128 2449 ad
2154 2415 2319 2454 terram
2344 2405 2435 2456 fili-

436 2485 577 2518 orum
603 2467 834 2526 Orientis,
869 2479 921 2515 ut
945 2464 1228 2530 fignificetur
1251 2465 1300 2512 id
1330 2465 1390 2513 de
1409 2479 1503 2530 quo
1528 2464 1575 2512 in
1608 2477 1713 2513 toto
1744 2466 1836 2514 hoc
1858 2466 2028 2531 Capite
2059 2468 2229 2531 agitur,
2263 2487 2436 2539 nempe

434 2535 632 2585 ascensus
653 2534 712 2582 ad
733 2551 842 2584 vera
863 2535 1035 2584 amoris
1057 2550 1070 2581 τ
1105 2547 1214 2579 vera
1236 2531 1408 2581 amoris
1431 2531 1648 2580 dicuntur
1677 2531 1754 2580 illa
1776 2547 1904 2590 vera,
1937 2548 2049 2598 quae
2066 2535 2178 2584 alibi
2207 2553 2314 2588 vera
2335 2556 2433 2592 coe—

431 2601 561 2652 lestia
593 2601 824 2668 appellata
857 2602 976 2658 sunt,
1011 2599 1116 2648 sunt
1147 2600 1273 2648 enim
1312 2597 1600 2661 cognitiones
1638 2598 1698 2646 de
1733 2598 1957 2648 charitate
1991 2615 2101 2663 erga
2136 2605 2427 2668 proximum,

431 2669 582 2734 deque
603 2683 764 2716 amore
801 2668 850 2716 in
873 2666 1175 2721 Dominum;
1210 2667 1257 2715 in
1290 2665 1416 2714 sensu
1453 2664 1688 2729 supremo,
1725 2668 1773 2713 in
1807 2681 1902 2730 quo
1933 2665 2085 2729 agitur
2107 2667 2167 2716 de
2191 2670 2431 2735 Domin0,

426 2735 530 2785 funt
561 2750 670 2783 vera
693 2733 859 2783 Divini
890 2733 1094 2791 amoris3
1130 2732 1206 2781 illa
1229 2749 1351 2790 vera,
1387 2747 1557 2796 nempe
1589 2732 1649 2780 de
1678 2731 1903 2780 charitate
1932 2748 2043 2796 erga
2075 2736 2348 2798 proximum
2371 2741 2425 2791 &

427 2803 487 2850 de
506 2816 665 2850 amore
697 2801 747 2848 in
773 2800 1058 2858 Dominum,
1092 2799 1310 2849 discenda
1343 2796 1462 2856 sunt,
1496 2809 1745 2864 antequam
1779 2798 1929 2848 homo
1958 2804 2218 2863 regenerari
2247 2807 2420 2869 potest,

370 2863 374 2870 ’
429 2867 482 2915 81:
499 2881 575 2939 qu,
654 2883 679 2915 e
700 2865 986 2932 agnoscenda
1020 2867 1071 2916 δε
1095 2867 1344 2925 credenda,
1380 2864 1432 2912 &t
1452 2877 1679 2930 quantum
1711 2864 2039 2931 agnoscuntur,
2070 2870 2327 2930 creduntur,
2367 2874 2421 2922 δι’

425 2883 826 2992 νίωῑιοιῗυιωωτ,
862 2945 1040 2983 tantum
1063 2949 1247 3001 quoque
1270 2945 1559 2997 regeneratur
1581 2932 1751 2991 hom0,
1787 2930 1839 2980 ὅτ
1865 2944 1979 2981 tunc
2007 2944 2188 2984 tantum
2211 2937 2414 3004 implan-

423 3011 581 3050 tantur
604 2997 684 3048 ina
703 3000 922 3054 Naturali-
942 3000 1172 3059 hominiS,
1202 3001 1250 3049 in
1272 3014 1367 3066 quo
1389 2998 1492 3047 sunt
1520 3009 1571 3047 ut
1605 2999 1652 3048 in
1673 2997 1751 3048 sua
1773 2998 1921 3048 humo
1940 3023 1955 3056 3
1987 3001 2320 3064 implantantur
2344 3005 2411 3053 ibi

424 3065 626 3133 primum
690 3081 738 3113 er
767 3065 1113 3117 instructionem
1147 3083 1174 3115 a
1200 3065 1488 3132 parentibus,
1524 3064 1578 3113 δε
1610 3064 1865 3129 magistris,
1893 3065 2006 3114 dein
2039 3081 2100 3116 ex
2122 3068 2281 3118 Verbo
2305 3070 2408 3117 Do-

421 3129 560 3192 mini,
588 3144 654 3196 po
691 3146 745 3181 ea
766 3147 824 3181 ex
844 3132 1036 3201 propria
1054 3134 1304 3183 reflexione
1327 3133 1462 3198 super
1498 3130 1595 3190 ina,
1628 3130 1706 3182 sed
1736 3146 1821 3196 per
1843 3130 1924 3180 illa
1953 3130 2098 3183 solum
2120 3146 2410 3248 reponuqtur

2259 3201 2308 3249 so
2328 3216 2413 3253 una
