2904 3750
543 246 854 345 428²·
1020 246 1284 331 'G'E
1375 256 1609 331 ΝΕ
1700 262 1753 331 S
1840 257 2093 334 ss...

542 423 567 454 a
600 408 836 472 pulmone,
877 424 985 457 cum
1022 414 1173 457 tamen
1210 407 1272 456 est
1306 409 1524 473 cogitatio
1560 423 1665 473 quae
1703 425 1782 473 per
1816 409 2028 473 organica
2060 410 2136 460 illa
2175 402 2399 477 loquitur,
2433 403 2543 467 narn

545 474 724 539 loquela
755 475 866 524 nihil
895 475 1019 524 aliud
1057 475 1120 524 est
1154 491 1301 539 quam
1332 474 1549 540 cogitatio
1582 476 1807 540 loquens;
1844 477 1954 524 tales
1994 475 2184 526 fallaciae
2207 478 2416 529 sensuum
2440 481 2542 530 sunt

545 543 804 607 perplures:
846 542 1045 591 similiter
1085 543 1125 590 se
1165 542 1296 590 habet
1331 559 1439 591 cum
1473 545 1601 590 omni
1625 545 1718 592 vita
1755 556 1995 609 apparente
2030 544 2076 592 in
2100 545 2307 596 Externo
2340 548 2541 607 homine,

543 610 672 672 quod
696 610 750 658 sit
771 611 867 657 vita
890 610 1058 657 Interni
1083 611 1128 656 in
1163 609 1258 667 illo,
1294 623 1348 657 ut
1382 612 1428 656 in
1467 609 1546 657 suo
1579 626 1752 674 organo
1794 610 2011 658 materiali
2045 612 2094 659 δε
2134 629 2390 677 corpore0;
2433 632 2541 664 cum

548 677 822 739 cogitatione
858 679 917 724 ita
937 675 1019 733 est,
1054 677 1195 723 homo
1218 677 1440 739 quamdiu
1475 677 1520 723 in
1551 679 1741 740 corpore
1772 678 1911 735 vivit,
1948 679 2119 741 cogitat
2153 696 2209 727 ex
2232 682 2460 730 Rationali
2495 682 2541 730 in

549 742 770 800 Naturali,
806 760 966 790 verum
1010 742 1136 789 aliter
1166 757 1274 789 curn
1299 742 1515 789 Naturale
1551 742 1866 807 correspondet
1890 745 2135 802 Rationali,
2179 748 2229 793 ὅτ
2269 748 2395 795 aliter
2433 765 2542 796 cum

548 809 766 858 Naturale
809 827 897 856 non
939 808 1286 872 correspondet3
1328 825 1436 855 cum
1461 808 1676 856 Naturale
1710 810 2042 874 correspondet,
2083 825 2192 860 tunc
2218 813 2358 862 homo
2383 817 2543 863 Ratio-

550 876 656 923 nalis
681 877 758 933 est,
797 879 843 923 ὃς
872 875 1151 939 spiritualiter
1175 876 1362 937 cogitat,
1397 888 1440 922 at
1465 891 1573 922 cum
1594 875 1810 924 Naturale
1833 893 1924 924 non
1949 878 2281 943 correspondet,
2317 893 2426 929 tunc
2452 899 2544 930 non

548 944 795 990 Rationalis
822 942 900 998 est,
939 958 1020 989 nec
1046 941 1325 1005 spiritualiter
1362 942 1560 1004 cogitare
1597 942 1777 1006 potest;
1813 943 1935 1006 apud
1969 943 2100 994 illum
2135 947 2256 993 enim
2291 945 2421 1011 cujus
2446 950 2541 996 Ra-

548 1010 701 1056 tionali
735 1009 1050 1071 correspondet
1071 1008 1306 1064 Naturale,
1340 1021 1490 1072 aperta
1513 1007 1574 1055 est
1598 1011 1972 1067 communicatiO,
2008 1024 2061 1058 ut
2084 1012 2267 1060 influere
2289 1016 2423 1077 poffit
2461 1015 2542 1062 lux

549 1076 655 1122 coeli
689 1093 712 1123 a
735 1077 940 1124 Domino
974 1091 1054 1138 per
1078 1074 1313 1121 Rationale
1350 1075 1396 1122 in
1421 1074 1653 1132 Naturale,
1696 1077 1745 1122 δε
1780 1075 1867 1122 hoc
1905 1076 2119 1124 illustrare
2156 1079 2448 1143 intelligentia
2491 1085 2539 1129 δε

551 1141 775 1205 sapientia,
812 1143 917 1189 inde
947 1141 1010 1188 est
1038 1140 1109 1188 ille
1132 1140 1379 1187 Rationalis
1403 1141 1452 1187 ὅτ
1477 1140 1758 1204 spiritualiter
1782 1143 1987 1204 cogitat·,
2028 1156 2072 1190 at
2106 1145 2229 1206 apud
2257 1145 2382 1206 hunc
2415 1145 2543 1210 cujus

548 1210 774 1257 Rationali
798 1225 898 1255 nonv
915 1207 1231 1271 correspondet
1254 1207 1491 1263 Naturale,
1530 1206 1590 1254 est
1626 1207 1770 1254 clausa
1804 1210 2177 1267 communicatio,
2214 1212 2263 1258 &
2287 1210 2433 1258 solum
2465 1214 2543 1261 ali·

520 1277 658 1339 'quid
701 1276 811 1322 lucis
849 1276 894 1322 in
934 1275 1172 1322 communi
1209 1274 1384 1321 circum
1425 1274 1541 1321 circa
1570 1274 1619 1320 &
1655 1290 1735 1338 per
1766 1274 1900 1321 rimas
1931 1274 2079 1322 influit
2113 1292 2193 1339 per
2224 1278 2460 1326 Rationale
2496 1282 2550 1328 in

547 1343 779 1399 Naturale,
819 1342 922 1388 inde
947 1343 983 1388 is
1006 1356 1095 1388 non
1122 1341 1369 1387 Rationalis
1392 1339 1471 1397 est,
1508 1341 1557 1387 &
1582 1356 1674 1388 non
1697 1339 1981 1406 spiritualiter
2002 1343 2173 1405 cogitat
2193 1365 2206 1400 3
2253 1343 2395 1392 homo
2417 1347 2542 1396 enim

548 1410 660 1456 ficut
684 1412 725 1457 ei
748 1408 812 1456 est
835 1409 1032 1455 influxus
1054 1408 1166 1455 lucis
1190 1407 1315 1464 coeli,
1351 1409 1413 1454 ita
1444 1408 1647 1471 cogitat3
1693 1407 1798 1455 inde
1830 1420 1967 1472 patet,
2003 1409 2131 1472 quod
2170 1409 2358 1475 quisque
2398 1412 2542 1462 homo

549 1478 720 1539 cogitet
759 1476 1007 1524 secundum
1046 1474 1212 1522 statum
1261 1472 1668 1537 correspondentia:
1704 1475 1931 1526 Naturalis
1976 1491 2082 1524 cum
2125 1478 2351 1525 Rationali
2390 1481 2548 1543 quoad

549 1543 725 1590 bonum
748 1544 795 1590 ὅτ,
821 1559 980 1589 verum
1001 1559 1011 1589 :
1054 1540 1127 1588 sed
1152 1542 1345 1605 Spiritus
1369 1542 1416 1587 &
1444 1540 1616 1605 Angeli
1640 1557 1730 1588 non
1764 1543 1828 1588 ita
1851 1541 1963 1589 ficut
1985 1541 2148 1601 homo,
2189 1545 2391 1607 cogita-nt
2412 1569 2424 1601 ;
2467 1564 2544 1595 co-

551 1611 712 1673 gitatio
735 1610 923 1672 quidem
955 1623 1115 1655 eorum
1141 1610 1406 1655 terminatur
1436 1608 1570 1654 etiam
1595 1610 1641 1654 in
1662 1607 1889 1666 Naturali,
1928 1624 2114 1656 omnem
2152 1611 2275 1658 enirn
2297 1614 2543 1661 naturalem

552 1678 820 1723 memoriam
857 1676 906 1722 &
943 1676 1037 1737 ejus
1068 1673 1321 1720 affediiones
1356 1672 1505 1720 secum
1540 1673 1721 1730 habent,
1755 1673 1828 1720 sed
1854 1677 2074 1722 memoria
2107 1676 2182 1723 illa
2216 1693 2306 1724 non
2342 1680 2406 1725 eis
2439 1681 2544 1729 licet

551 1744 636 1798 uti,
673 1760 732 1789 n:
756 1758 882 1805 2475
907 1741 963 1786 ad
990 1755 1149 1804 2479·,
1185 1739 1234 1786 δε
1258 1738 1432 1786 tametsi
1469 1738 1544 1785 illa
1578 1754 1668 1788 non
1708 1740 1771 1785 eis
1804 1739 1908 1786 licet
1941 1741 2026 1796 uti,
2066 1741 2206 1804 usque
2243 1743 2429 1791 inservit·
2456 1746 2541 1793 illis

550 1825 635 1873 pro
660 1809 793 1872 plano
827 1819 903 1853 aut
925 1807 1036 1853 sicut
1058 1821 1143 1869 pro
1164 1803 1479 1862 fundamento,
1519 1816 1572 1852 ut
1601 1805 1716 1852 ideae
1750 1806 2039 1869 cogitationis
2073 1806 2258 1854 illorum
2292 1809 2354 1856 ibi
2384 1814 2544 1859 termi-

551 1888 729 1930 nentur,
769 1874 873 1920 inde
911 1872 990 1929 est,
1040 1871 1166 1936 quod
1197 1872 1481 1935 cogitationis
1519 1887 1678 1920 eorum
1716 1871 1831 1918 ideae
1870 1872 1955 1918 lint
1988 1873 2235 1930 interiores,
2277 1877 2326 1922 ὅτ
2363 1876 2542 1939 loquela

550 1958 708 1989 eorum
747 1957 838 1988 non
876 1940 929 1986 fit
963 1955 1016 1986 ex
1051 1937 1210 1985 formis
1236 1954 1423 1994 vocum,
1458 1949 1510 1984 ut
1543 1937 1664 2000 apud
1693 1936 1947 1994 hominem,
1988 1935 2062 1984 sed
2095 1954 2120 1985 a
2153 1936 2313 1987 formis
2353 1957 2538 2000 rerum3

550 2010 659 2056 inde.
680 2021 815 2072 patet,
852 2006 978 2070 quod
1004 2005 1089 2052 illis
1122 2021 1305 2068 quoque
1338 2004 1435 2052 talis
1459 2003 1693 2066 cogitati0‚
1729 2002 1873 2066 qualis
1896 2002 1958 2050 est
1981 2004 2370 2069 correspondentia
2392 2009 2542 2059 Natu-

546 2076 652 2138 ralis
685 2090 842 2122 eorum
879 2089 985 2120 curn
1010 2072 1270 2126 Rationali;
1319 2072 1367 2117 &
1403 2071 1547 2134 quod*
1568 2069 1746 2133 spiritus
1781 2070 1883 2126 sint,
1918 2071 1999 2134 qui
2037 2071 2298 2120 Rationales
2332 2073 2448 2132 sunt,
2493 2078 2543 2125 δε

550 2142 831 2206 spiritualiter
865 2141 1083 2203 cogitant,
1125 2140 1173 2184 &
1198 2139 1278 2202 qui
1303 2152 1395 2184 non
1420 2137 1677 2183 Rationales
1701 2135 1804 2184 sunt
1826 2137 1874 2184 ὅτ
1899 2153 1991 2184 non
2015 2135 2301 2201 spiritualiter
2323 2142 2565 2204 cogitant-s

551 2209 601 2256 δε
624 2208 709 2255 hoc
744 2206 919 2271 prorsus
945 2204 1191 2252 secundum
1227 2203 1482 2251 affeffiones
1516 2203 1565 2251 &
1590 2203 1697 2251 inde
1727 2203 2023 2266 cogitationes
2058 2220 2215 2253 rerum·
2246 2206 2290 2253 in
2315 2209 2411 2254 vita
2444 2225 2550 2259 cor-J

534 2278 690 2338 poris,
730 2275 817 2321 hoc
852 2272 930 2328 est,
966 2270 1212 2318 secundum
1248 2270 1411 2318 statum
1438 2270 1563 2326 vitae,
1599 2285 1738 2332 quarn
1771 2269 1851 2316 fibi
1888 2271 1934 2316 in
1967 2271 2145 2318 mundo
2177 2272 2544 2335 acquisiverunt:
2589 2322 2596 2326 .

548 2342 661 2405 quid
694 2342 843 2405 itaque
867 2339 1100 2403 Cogitatio
1123 2338 1231 2384 boni
1255 2335 1464 2384 naturalis
1486 2336 1555 2392 fit,
1592 2336 1698 2383 inde
1731 2335 2010 2400 aliquantum
2044 2351 2184 2403 patet,
2222 2339 2350 2403 quod
2374 2356 2539 2406 nempe

549 2410 602 2456 sit
629 2409 845 2472 cogitatio
880 2408 925 2452 in
958 2405 1080 2452 bono
1112 2404 1335 2461 naturalis,
1375 2402 1653 2463 (secundum
1681 2400 1830 2450 ideam
1866 2402 2105 2467 spirituum
2131 2405 2297 2452 dicitur
2320 2408 2539 2470 cogitatio

552 2476 658 2522 boni
691 2474 918 2529 naturalis,
960 2471 1087 2535 quod
1126 2470 1374 2518 secundum
1410 2469 1559 2517 ideam
1595 2468 1837 2524 hominum
1876 2470 2049 2517 dicitur
2081 2473 2304 2535 cogitatio·
2336 2474 2381 2520 in
2420 2474 2541 2523 bono

554 2541 759 2589 naturalis
780 2541 812 2595 :)
851 2541 897 2585 in
928 2539 1032 2595 hoc,
1069 2554 1234 2601 nempe
1268 2539 1313 2584 in
1337 2537 1460 2583 bono
1483 2536 1714 2584 Naturalis
1744 2538 1916 2600 cogitat
1941 2538 2194 2595 Rationale,
2229 2555 2342 2586 cum·
2373 2539 2543 2604 spestat

552 2608 724 2654 bonum
763 2619 813 2652 ut
838 2606 993 2660 finem,
1035 2606 1097 2650 ita
1126 2605 1343 2666 cogitatio
1382 2603 1489 2650 boni
1531 2602 1741 2649 naturalis
1773 2603 1829 2649 de
1867 2601 2183 2667 conjunffione
2215 2620 2295 2667 per
2328 2610 2424 2652 veri
2447 2607 2543 2654 ‘bo-

487 2723 490 2725 ,
553 2690 682 2730 num,
718 2672 780 2719 est
801 2671 1017 2733 cogitatio
1041 2672 1086 2715 in
1112 2669 1298 2716 naturali
1324 2669 1380 2715 de
1404 2669 1509 2726 fine,
1546 2668 1784 2731 quomodo
1806 2685 1970 2732 nempe
1993 2671 2032 2715 ei
2056 2667 2275 2732 conjungi
2306 2673 2438 2733 poflit
2460 2688 2539 2719 ve-

554 2756 674 2795 rum,
710 2739 759 2785 &
799 2737 885 2784 hoc
924 2735 1170 2782 secundum
1205 2735 1412 2782 ordinem
1436 2734 1682 2790 Divinum,
1724 2750 1804 2797 per
1827 2737 1949 2781 viam
1974 2750 2291 2792 communem,
2327 2752 2435 2798 quae
2457 2738 2537 2796 est,

552 2816 603 2852 'ut
627 2805 742 2867 saepe
764 2805 887 2866 prius
922 2801 1113 2858 diuum,
1154 2817 1178 2847 a
1209 2800 1370 2847 talibus
1402 2816 1507 2862 quae
1530 2811 1710 2846 externa
1733 2799 1850 2854 sunt,
1891 2801 1939 2846 ὅτ
1967 2800 2025 2846 fic
2053 2816 2159 2863 quae
2188 2800 2234 2846 in
2273 2801 2432 2851 Ordine
2466 2805 2538 2851 ul-

551 2874 662 2919 tima
685 2871 756 2917 seu
780 2882 979 2917 extrema
999 2866 1116 2923 sunt,
1156 2866 1212 2913 ab
1245 2866 1313 2912 his
1335 2867 1485 2922 omnis
1515 2864 1790 2927 regeneratio
1810 2865 2045 2911 Naturalis.
2071 2865 2285 2922 inchoat,
2327 2868 2424 2917 haec
2458 2887 2539 2918 ex-

552 2951 695 2986 trema
727 2935 798 2982 seu
823 2935 984 2982 ultima
1006 2932 1108 2978 sunt
1130 2933 1411 2994 cognitiones
1444 2931 1623 2992 primae,
1657 2930 1808 2992 quales
1832 2930 1931 2976 sunt
1955 2929 2179 2979 infantum
2203 2933 2253 2980 &
2278 2950 2540 2997 puerorum,

554 3005 611 3052 de
634 3003 798 3067 quibus
833 2997 1086 3062 n23665·f
1101 3016 1110 3045 :
1147 2999 1193 3046 in
1217 2997 1461 3061 principio,
1503 2995 1608 3042 boni
1646 3011 1808 3042 verum
1841 2995 1968 3059 quod
2008 2997 2070 3043 est
2094 2997 2228 3056 Esau,
2271 3016 2378 3049 cum
2419 3002 2542 3052 bono

553 3072 649 3118 veri
672 3068 799 3132 quod
823 3066 886 3115 est
909 3065 1068 3128 Jacob,
1110 3080 1202 3111 non
1226 3061 1522 3125 conjunffimm
1547 3061 1610 3108 est
1632 3062 1679 3108 in
1702 3074 1883 3110 externa
1906 3060 2069 3121 forma,
2110 3081 2215 3112 narn
2248 3065 2423 3115 bonum
2445 3071 2542 3118 veri

554 3136 794 3201 respective
829 3133 883 3181 ad
924 3133 1030 3180 boni
1054 3147 1214 3178 verum
1248 3129 1310 3177 est
1334 3127 1575 3185 inversum,
1621 3144 1651 3175 n
1676 3146 1685 3176 :
1715 3129 1859 3194 3669,
1894 3140 1937 3176 at
1962 3129 2099 3194 usque
2123 3132 2303 3191 intime,
2337 3133 2425 3182 hoc
2457 3136 2538 3193 est,

553 3203 704 3269 quoad
728 3203 854 3259 fines,
895 3197 1132 3264 conjun&a
1155 3196 1291 3253 sunt,
1337 3196 1440 3246 finis
1481 3195 1604 3242 enim
1626 3195 1723 3243 -veri
1754 3195 1881 3259 quod
1912 3212 1970 3244 ex
1995 3197 2132 3256 bono,
2172 3198 2257 3257 est,
2293 3211 2345 3252 ut
2377 3198 2537 3264 adjun-

1581 3284 1584 3289 ·
2376 3279 2549 3331 ganttut-
