2904 3750
555 236 690 298 274
1063 160 2034 284 GEN‘ESIS·

547 358 602 397 ut
627 347 703 398 ita
728 336 886 399 dicam
909 345 1192 417 modificata
1207 367 1224 399 .-
1264 345 1368 411 illa,
1406 364 1512 419 quae
1536 344 1646 400 inde
1672 343 1894 422 existunt,
1933 346 1986 404 in
2007 346 2067 419 Je
2098 346 2373 405 inanimata
2400 353 2552 424 sunt„

525 418 622 490 st’d
641 440 699 472 ex
722 419 911 492 influxu
932 423 1056 474 vitae
1080 442 1112 473 a
1127 422 1336 475 Domino
1359 422 1579 474 animata
1590 420 1739 488 fiunt0

624 513 650 564 3
662 513 687 566 3
700 515 725 567 3
738 495 784 548 8.
823 497 1025 549 Praeter
1047 495 1167 548 luces
1190 496 1315 560 illas,
1353 496 1499 549 etiam
1515 495 1639 567 fient
1676 494 1867 559 calores,
1905 496 1988 568 qui
2025 516 2195 570 quoque
2201 498 2326 570 fient
2350 519 2409 552 ex
2433 500 2543 556 bino

525 569 687 639 fonte,
727 571 874 622 calor⁴
895 570 1002 623 coeli
1042 589 1102 622 ex
1139 571 1240 623 Sole
1278 571 1408 623 illius
1449 571 1533 642 qui
1571 569 1632 641 est
1655 570 1910 634 Dominus,
1948 571 2007 624 &³
2032 572 2162 625 calor
2185 574 2351 627 mundi
2374 594 2434 627 ex
2449 576 2543 636 sole

542 643 688 708 illius,
727 644 810 716 qui
834 643 894 715 est
917 644 1154 697 luminare
1177 644 1319 697 oculis
1346 644 1511 715 nostris
1549 643 1839 715 conspicuum
1856 672 1872 708 ;
1911 645 2042 699 calor
2066 647 2241 718 coelise
2265 649 2540 721 manifi’stat

542 716 921 772 coram'Interno
953 719 1132 786 homine
1159 730 1255 789 per
1297 737 1475 771 amores
1506 718 1564 771 δέ*
1587 716 1855 788 affebliones
1880 720 2184 791 spirituales,
2222 725 2355 776 calor
2377 735 2538 779 autem

469 849 477 853 ,
542 792 769 863 mundise
794 792 1064 863 manifestat
1090 812 1248 845 cora-m
1273 795 1492 846 Externa
1529 791 1709 845 homine
1738 803 1834 863 per
1870 813 2048 847 amores
2072 796 2130 849 ἐξ
2153 795 2420 866 cff’btiones
2445 818 2536 852 na-

541 867 753 930 turale53
789 867 867 919 ille
911 867 1040 919 calor
1067 867 1212 936 facit
1255 869 1416 920 vitam
1453 866 1644 920 Interni
1679 866 1892 931 hominis,
1929 868 2009 922 hic
2043 880 2202 923 autem
2240 872 2400 924 vitam
2425 868 2538 926 Exss-

541 942 672 993 terni
691 969 705 1005 3
744 961 855 993 nam
880 940 1044 1013 absque
1067 960 1225 994 amore
1249 941 1307 995 Q?
1330 941 1577 1012 affebiione
1600 960 1658 993 ne
1680 940 1829 994 hilum
1853 942 2025 995 vivere
2040 943 2182 1013 potest
2203 943 2331 998 homo
2349 966 2366 997 :
2403 949 2537 1000 inter

539 1015 666 1068 binos
690 1016 788 1067 illos
813 1016 986 1068 calores
1011 1015 1286 1087 etiamfhnt
1310 1014 1723 1086 correspondentiae
1741 1036 1759 1067 :
1795 1018 1986 1070 Calores
2009 1017 2086 1070 illi
2105 1018 2253 1087 fiunt
2274 1028 2453 1074 amores
2475 1023 2536 1077 δέ’
2621 1054 2623 1058 ⁴

538 1090 804 1161 cffi’cfiz'ones
827 1109 887 1142 ex
910 1090 1246 1162 instuxu0vitae
1270 1090 1494 1152 Domini,
1551 1090 1608 1141 δέ’
1649 1089 1759 1142 inde
1801 1102 2040 1162 apparent
2080 1091 2258 1145 homini
2275 1094 2411 1162 ficut
2447 1103 2539 1150 non

538 1166 711 1216 calores
737 1163 887 1236 (ssent,
926 1175 982 1216 at
1020 1165 1155 1236 usque
1175 1165 1334 1236 ficnt3
1372 1182 1485 1216 nam
1510 1163 1600 1233 nist
1619 1162 1730 1215 inde
1761 1164 1892 1216 calor
1923 1164 2116 1229 homini,
2153 1177 2255 1219 tam
2280 1168 2435 1238 quoad
2453 1171 2540 1223 In-

537 1251 740 1301 ternum,
781 1254 938 1310 quamf
957 1238 1112 1311 quoad
1132 1240 1406 1290 Externum
1442 1237 1684 1300 hominem,
1722 1237 1850 1290 homo
1887 1249 2107 1292 momento
2149 1251 2384 1293 emortuus
2415 1253 2537 1313 pro-

535 1313 771 1365 cumberet
793 1334 809 1364 .·
839 1323 1014 1384 patent
1051 1312 1151 1366 haec
1191 1312 1440 1384 unicuique
1482 1331 1542 1363 ex
1577 1331 1645 1374 ee,
1685 1311 1807 1383 quod
1825 1311 1951 1365 homo
1987 1325 2218 1385 quantum
2256 1315 2538 1370 accenditur

536 1407 710 1450 amore,
752 1399 941 1440 tantum
979 1407 1151 1460 quoque
1185 1387 1399 1459 calescat,
1439 1387 1498 1439 ἐξ
1533 1397 1761 1458 quantum
1801 1387 1981 1440 recedit
2022 1406 2158 1440 amor
2198 1398 2390 1442 tantum
2418 1392 2538 1443 'tor-

523 1462 688 1532 pascat
710 1482 727 1513 .·
767 1463 897 1515 calor
920 1462 1099 1533 hicaest,
1137 1482 1196 1514 ex
1227 1480 1313 1534 quo
1349 1460 1548 1513 hominis
1585 1460 1804 1514 voluntas
1846 1461 2000 1526 vivit,
2038 1461 2124 1515 lux
2148 1473 2323 1528 autem,
2362 1463 2418 1517 de
2440 1484 2536 1539 qua

515 1537 710 1606 fiepra„
733 1557 791 1588 ex
817 1556 910 1608 qua
934 1536 1032 1606 ejus
1055 1536 1330 1589 intellectus.
1907 1572 1909 1574 -

611 1629 637 1680 3
651 1629 676 1680 3
688 1629 713 1681 3
727 1630 774 1680 9.
813 1614 873 1663 In
916 1611 1076 1664 altera
1118 1611 1232 1663 vita
1272 1619 1509 1681 apparent
1551 1609 1650 1662 illae
1673 1611 1846 1672 Luces,
1892 1610 1951 1663 &³
1990 1629 2163 1682 quoque
2206 1611 2285 1664 illi
2326 1613 2533 1679 Calores,

531 1683 601 1736 ad
619 1686 827 1749 vivum,
867 1685 1049 1755 Angeli
1087 1685 1140 1738 in
1179 1685 1279 1737 luce
1319 1684 1426 1736 cali
1449 1682 1647 1746 vivunt,
1687 1684 1747 1736 &¹
1766 1701 1936 1755 quoque
1959 1684 2013 1735 in
2038 1684 2193 1736 calore
2230 1685 2326 1748 illo,
2366 1686 2422 1738 de
2444 1706 2533 1759 quo

531 1759 742 1822 diotum3
780 1778 840 1811 ex
863 1760 999 1812 Luce
1023 1758 1118 1812 illis
1153 1759 1214 1830 est
1252 1757 1588 1828 intelligentia,
1627 1775 1687 1810 ex
1719 1757 1874 1810 calore
1916 1756 2014 1809 illis
2057 1757 2118 1827 est
2157 1756 2347 1829 affictio
2386 1759 2496 1814 boni
2513 1788 2532 1826 ;

530 1834 687 1885 Luces
722 1833 861 1897 enim,
901 1852 1008 1904 quae
1031 1843 1268 1907 apparent
1303 1850 1461 1885 coram
1484 1832 1594 1903 visu
1618 1830 1805 1884 illorum
1830 1842 2039 1895 externo,
2060 1831 2184 1902 stent
2214 1833 2404 1903 origine
2428 1836 2532 1906 fica

529 1926 589 1959 ex
613 1908 817 1960 Divina
826 1906 1075 1978 sapientia
1097 1906 1319 1969 Domini,
1358 1906 1416 1959 &³
1442 1907 1628 1959 Calores
1657 1906 1740 1977 qui
1774 1904 1836 1957 ab
1861 1904 1959 1957 illis
1982 1916 2153 1976 quoque
2168 1907 2533 1976 percipiuntur,

509 1983 635 2053 fimt
672 2002 705 2034 a
743 1981 938 2034 Divino
981 2000 1139 2035 amore
1163 1980 1369 2034 Domini
1387 2007 1404 2045 3
1457 1999 1606 2051 quare
1644 1990 1871 2051 quantum
1911 1978 2125 2050 Spiritus
2166 1980 2224 2032 &³
2249 1981 2433 2051 Angeli
2476 1983 2532 2036 in

526 2054 848 2127 inteffgentia
889 2056 1001 2110 veri
1028 2055 1169 2127 ficnt,
1207 2074 1267 2108 ac
1305 2055 1358 2107 in
1396 2053 1643 2125 affictione
1681 2051 1806 2116 boni,
1843 2063 2034 2106 tantum
2058 2053 2268 2107 Domino
2283 2055 2531 2126 propiores

546 2141 649 2185 unt.

508 2132 563 2205 s
603 2226 629 2277 3
642 2223 762 2276 340.
801 2204 934 2257 Luci
957 2204 1034 2256 illi
1057 2200 1253 2274 opposita
1295 2201 1356 2273 est
1393 2201 1562 2272 caligO,
1597 2201 1660 2255 1&
1686 2201 1850 2254 Calori
1873 2200 1952 2254 illi
1974 2201 2218 2272 opposttum
2241 2201 2489 2274 cstfrz'gus
2507 2232 2526 2268 ;

524 2281 578 2333 in
604 2280 716 2346 „illis
755 2279 935 2331 vivunt
979 2277 1272 2347 iifi’rnales3
1310 2276 1475 2347 Caligo
1519 2276 1616 2329 illis
1654 2275 1713 2347 est
1756 2294 1816 2328 ex
1839 2274 1985 2346 fasss
2017 2277 2072 2327 in
2115 2275 2282 2348 quibus
2288 2277 2427 2348 sunt,
2466 2280 2527 2332 ἓξ

505 2355 687 2426 frigus
724 2353 821 2405 illis
865 2351 924 2423 est
969 2372 1027 2405 ex
1067 2352 1242 2416 mali53
1281 2351 1340 2405 &²
1365 2369 1452 2422 quo
1490 2350 1757 2403 remotiores
1772 2350 1896 2421 sunt
1920 2370 1953 2402 a
1987 2350 2139 2416 veris,
2178 2368 2226 2402 eo
2250 2350 2404 2420 major
2427 2352 2528 2406 illis

521 2430 690 2499 caligo,
730 2428 788 2479 &²
812 2446 898 2498 quo
922 2427 1188 2480 remotiores
1211 2446 1244 2478 a
1268 2425 1394 2490 bono,
1431 2444 1480 2477 eo
1504 2425 1656 2495 majus
1680 2424 1776 2476 illis
1783 2423 1965 2495 frigus
1982 2444 1998 2476 .·
2038 2443 2145 2477 cum
2184 2424 2352 2477 videre
2374 2425 2528 2479 datur

521 2505 575 2555 in
599 2504 813 2573 irfirna,
852 2500 936 2553 ubi
958 2501 1075 2553 tales
1080 2500 1220 2572 stent,
1258 2511 1462 2571 apparet
1485 2498 1764 2571 caliginosus
1791 2498 1990 2562 nimbus,
2028 2499 2083 2550 in
2109 2517 2195 2571 quo
2218 2498 2424 2569 degunt3
2464 2501 2525 2553 &5'

522 2597 627 2631 cum
672 2577 845 2647 aliquis
887 2575 1065 2628 halitus
1105 2574 1215 2627 inde
1252 2574 1417 2645 effluit,
1447 2574 1792 2644 percipiuntur
1824 2572 2034 2643 vestmiae
2057 2571 2295 2624 exhalatae
2318 2591 2352 2623 a
2358 2573 2521 2642 falsis,

522 2671 581 2703 ac
608 2650 715 2702 odia
740 2669 772 2700 a
798 2648 950 2701 malis.
1027 2650 1208 2700 Datur
1231 2666 1404 2717 quoque
1428 2647 1525 2698 illis
1549 2645 1817 2717 quandoque
1839 2645 2008 2707 lumen,
2029 2644 2125 2714 sed
2144 2644 2343 2714 cststcut
2367 2644 2523 2699 lumen

504 2725 729 2793 fatuum,
768 2733 823 2773 at
847 2722 925 2773 hoc
965 2720 1288 2790 eofstinguitur
1323 2719 1438 2781 illis,
1477 2719 1534 2771 ἔθ’
1541 2719 1615 2788 fit
1639 2719 1807 2787 caligO,
1847 2727 1902 2768 ut
1914 2717 2135 2786 primum
2159 2717 2213 2769 in
2237 2717 2384 2770 lucem
2405 2721 2520 2772 veri

504 2799 728 2869 spebiant
748 2822 762 2859 3
803 2795 860 2847 Εὖ)
886 2794 1034 2847 datur
1059 2794 1156 2844 illis
1180 2791 1449 2863 quandoque
1473 2792 1618 2853 calor,
1640 2791 1869 2861 fidstcut
1890 2789 2047 2842 balnei
2071 2790 2320 2857 immundi,
2359 2804 2415 2843 at
2437 2794 2519 2847 hic

520 2871 741 2923 vertitur
778 2868 874 2920 illis
907 2867 960 2918 in
983 2866 1179 2936 frigus,
1220 2876 1275 2917 ut
1290 2866 1507 2936 primum
1542 2864 1732 2935 aliquid
1751 2863 1858 2916 boni
1881 2863 2231 2934 apperczpiunt,
2306 2866 2519 2935 Qia'am

520 2948 573 3003 in
591 2941 893 3013 caliginosum
921 2940 1054 2992 illum
1078 2938 1304 3002 nimbum,
1333 2938 1416 2990 ubi
1432 2937 1716 3007 irfirnales,
1755 2936 1908 3009 miffics
1944 2936 2020 3007 est,
2053 2948 2114 2988 -ut
2121 2938 2280 3008 sciret
2305 2940 2516 3011 quomodo

520 3017 762 3080 cumillis,
801 3015 884 3086 qui
907 3014 994 3076 ibi,
1015 3014 1075 3084 st’
1108 3012 1332 3075 haberet3
1354 3011 1448 3083 st’d
1468 3023 1659 3064 'tutatus
1697 3031 1730 3064 a
1765 3010 1974 3063 Domino
2008 3022 2103 3081 per
2127 3012 2367 3082 Angel053
2405 3014 2517 3067 inde

519 3112 693 3147 mecum
712 3091 923 3160 loquutus
947 3088 1092 3151 dixit,
1131 3086 1253 3158 quod
1273 3085 1344 3138 ibi
1367 3095 1530 3138 tantus
1536 3084 1696 3156 furor
1719 3084 1920 3155 insaniat
1944 3084 2046 3157 efflet
2071 3097 2237 3138 contra
2263 3086 2429 3140 bonum
2452 3090 2514 3142 ξδ’

517 3187 704 3231 verum,
742 3165 799 3218 ὃ
825 3163 1030 3217 maxime
1067 3174 1235 3217 contra
1259 3160 1540 3225 Dominum,
1580 3171 1635 3214 ut
1659 3159 1979 3233 obstupesceret
2013 3158 2135 3233 quod
2153 3160 2344 3234 usquam
2368 3163 2515 3309 rsssti

2350 3246 2413 3306 po
2446 3246 2511 3300 et,
