2872 3730
500 240 588 317 48
939 185 2080 329 ‚GJE-NESIS.-J

444 417 447 419 ,
504 364 740 424 sacrificiis,
775 365 886 415 ficut
919 365 1209 415 auscultando
1240 367 1345 415 voci
1369 367 1578 429 Jehovae‚
1613 380 1716 415 ecce
1748 365 1991 416 auscultare
2024 375 2123 433 prae
2162 365 2377 419 sacrificio
2413 370 2496 422 bo-

511 448 642 489 num,
677 434 727 480 &
763 433 945 481 obedire
969 447 1067 497 prae
1091 435 1223 496 adipe’
1241 435 1484 491 Arietum,'’
1524 451 1543 483 1
1573 433 1679 482 Sam
1700 452 1710 482 :
1731 449 1828 482 xv:
1850 452 1946 492 223
1995 435 2074 482 ubi
2107 436 2224 498 quia*
2251 438 2402 502 agitur
2441 439 2500 487 de

511 498 780 557 obedientia,
818 502 878 547 ita
911 500 966 547 de
991 511 1099 547 vero
1121 500 1248 563 quod
1271 500 1334 547 est
1357 489 1600 564 spirituale,
1636 494 1786 548 &illa
1801 498 1931 549 erant
1954 501 2011 548 ad
2035 502 2234 564 Regem,
2260 519 2339 566 per
2361 520 2500 568 quem

513 566 648 612 etiam
672 566 849 614 Verum
882 565 1171 630 significatur,
1207 583 1268 615 n:
1293 567 1430 632 1672.
1466 582 1608 630 2015.
1638 567 1783 632 2069,
1819 567 1924 614 ideo
1945 583 2037 615 non
2061 567 2225 617 dicitur
2254 584 2351 633 prae
2373 570 2508 635 adipe

517 631 658 679 boum
683 631 755 679 seu
780 648 1020 696 agnorum,
1055 633 1131 680 sed
1158 648 1254 696 prae
1277 632 1406 697 adipe
1436 633 1643 681 arietum.
1714 633 1862 697 Apud
1883 633 2129 691 Davidem,
2156 639 2191 662 “
2216 635 2341 682 Cum
2363 637 2506 684 exiret
2527 694 2529 697 Ι

515 697 645 745 Israel
681 714 739 745 ex
761 700 987 762 AEgypto,
1023 698 1194 746 domus
1218 699 1379 761 Jacobi
1409 716 1434 746 e
1467 698 1643 764 populo
1673 698 1920 760 barbarico,
1955 699 2097 752 faCtus
2127 699 2192 748 est
2213 701 2422 762 Jehudah
2458 703 2507 750 in

497 775 499 777 ’
519 762 815 812 sanemarium
839 763 951 829 ejus,
986 764 1114 813 Israel
1139 766 1342 814 dominia
1363 764 1489 830 ejus3
1530 767 1664 813 Mare
1688 766 1806 814 vidit
1824 766 1875 814 &
1898 763 2036 830 fugit,
2070 766 2121 814 &
2144 766 2318 828 Jordan
2341 769 2506 817 avertit

519 828 561 877 se
582 830 838 888 retrorsum,
863 835 1035 880 Montes
1046 832 1324 895 saltaverunt
1331 832 1449 892 sicut
1465 833 1647 890 Arietes,
1669 831 1819 889 ,colles
1841 832 1955 880 ficut
1978 832 2059 881 filii
2081 834 2249 897 gregis,
2283 834 2398 897 quid
2421 833 2505 882 tibi

521 895 654 943 Mare
682 897 809 959 quod
829 895 990 960 fugias,
1026 898 1199 960 Jordan
1232 910 1402 947 avertas
1435 910 1480 946 te
1513 897 1773 956 retrorsum,
1813 902 1986 948 Montes
1998 898 2171 961 saltetis
2186 899 2305 960 strat
2320 902 2506 959 Arietes,

521 962 656 1008 colles
691 963 803 1010 ficut
837 963 917 1010 filii
940 967 1108 1028 gregis,
1144 980 1169 1011 a
1192 980 1344 1013 coram
1366 965 1577 1012 Domino
1600 965 1789 1029 parturis
1813 975 1943 1021 terra,
1980 980 2007 1011 a
2028 980 2182 1013 coram
2207 966 2309 1014 Deo
2323 965 2505 1027 Jacobi,

521 1029 600 1090 qui
633 1030 855 1077 convertit
876 1030 1050 1093 petram
1074 1031 1119 1077 in
1144 1030 1293 1079 lacum
1317 1043 1553 1095 aquarum,
1577 1032 1626 1079 &
1650 1029 1818 1080 filicem
1842 1031 1890 1078 in
1913 1029 2089 1080 fontem
2114 1029 2210 1095 ejus
2231 1033 2506 1095 aquarum,'’

526 1093 673 1140 Psalm
694 1112 705 1141 ε
728 1102 851 1141 cx1v
873 1114 883 1142 :
912 1092 934 1143 1'
954 1096 1009 1142 ad
1032 1093 1058 1141 f
1069 1117 1082 1156 3
1118 1098 1270 1159 agitur
1291 1096 1355 1143 ibi
1377 1098 1423 1147 in
1446 1095 1570 1144 sensu
1593 1099 1771 1146 interno
1790 1097 1848 1144 de
1869 1096 1994 1144 bono
2015 1095 2232 1160 spirituali
2253 1096 2361 1163 post!
2378 1113 2506 1160 rege-

518 1161 814 1216 neradonem,
850 1159 914 1208 est
937 1159 1199 1208 describitur
1220 1162 1353 1227 quale
1374 1161 1454 1218 est,
1494 1159 1590 1224 ejus
1621 1162 1803 1210 coeleste
1825 1161 2048 1226 spirituale
2070 1175 2151 1225 per
2166 1163 2355 1212 Montes
2377 1163 2508 1228 quod

526 1224 775 1272 saltaverint
798 1225 910 1274 ficut
935 1227 1106 1283 arieteS,
1141 1227 1191 1275 δε
1213 1225 1396 1274 coeleste
1417 1228 1613 1275 naturale
1635 1242 1716 1292 per
1735 1227 1864 1290 quod
1886 1226 2022 1274 colles
2055 1227 2169 1274 ficut
2201 1227 2286 1276 filii
2319 1243 2377 1290 gr
2435 1230 2471 1276 is
2491 1250 2507 1284 ς

524 1292 651 1353 quod
691 1304 867 1340 montes
906 1293 991 1341 smt
1025 1292 1222 1340 coelestia
1259 1309 1366 1357 quae
1402 1294 1586 1350 amoris,
1636 1291 1844 1341 videatur
1876 1307 1942 1340 n:
1972 1307 2080 1358 ⁷95.
2114 1309 2270 1358 1430;
2319 1297 2512 1358 quique

525 1357 633 1403 scire
661 1357 821 1420 potest,
857 1358 984 1423 quod
1023 1360 1070 1405 in
1104 1358 1189 1416 his,
1225 1359 1338 1407 sicut
1367 1361 1414 1407 in
1447 1360 1619 1407 caeteris
1639 1358 1848 1415 Davidis,
1882 1320 2027 1407 sanda
2048 1358 2151 1416 sint,
2187 1358 2268 1416 sed.
2298 1358 2347 1409 in
2385 1358 2511 1408 sensu

524 1424 716 1479 interno,
751 1424 802 1470 sc
824 1425 952 1488 quod
986 1424 1159 1487 aliquid
1181 1425 1416 1489 significet,
1451 1425 1580 1490 quod
1603 1436 1780 1473 montes
1812 1423 2064 1491 saltaverint
2100 1423 2422 1482 ficut'arietes,
2460 1427 2512 1475 &

419 1500 422 1507 ·
483 1489 489 1490 ’
524 1488 659 1535 colles
683 1489 795 1537 ficut
818 1489 899 1537 filii
933 1493 1102 1554 gregiS,
1137 1491 1187 1538 &
1208 1482 1336 1556 quod
1370 1507 1525 1548 coram
1548 1492 1756 1544 Domino
1788 1491 2004 1556 parturiat
2043 1496 2175 1550 terra,
2209 1487 2512 1605 quae'angF'ue

524 1553 645 1600 sensu
686 1556 862 1603 interno
901 1556 1003 1603 sunt
1039 1572 1173 1603 voces
1213 1557 1381 1604 nullius
1417 1559 1511 1606 rei:
1578 1556 1795 1603 Similiter
1826 1556 1960 1603 etiam
1995 1555 2112 1611 haee,
2135 1571 2140 1577 ’
2161 1556 2290 1618 apud·
2435 1573 2488 1605 en

527 1623 561 1646 “
597 1620 813 1682 Equitare
851 1619 981 1669 faciet
1018 1637 1124 1668 eum
1161 1621 1291 1685 super
1330 1621 1512 1669 excelfis
1543 1633 1691 1679 terrae,
1742 1621 1793 1668 ὅτ
1827 1618 2064 1670 comedere
2092 1617 2225 1668 faciet
2240 1619 2243 1622 ’
2261 1633 2511 1686 proventus

525 1696 673 1741 terrae,
709 1687 760 1734 δε
794 1684 949 1750 fugere
973 1685 1103 1736 faciet
1127 1688 1216 1735 mel
1239 1704 1264 1735 e
1287 1702 1416 1752 rupe,
1441 1688 1490 1736 &
1515 1688 1667 1735 oleum
1691 1703 1716 1734 e
1739 1686 1855 1734 filice
1876 1697 2035 1751 petrae,
2059 1685 2279 1749 butyrum
2299 1688 2511 1744 armenti,

524 1751 574 1797 δε
605 1751 674 1799 lac
697 1754 864 1816 gregis,
901 1769 1008 1800 cum
1031 1753 1162 1817 adipe
1184 1755 1450 1817 Agnorum,
1484 1753 1541 1809 ἐρ’
1563 1754 1760 1801 Arietum
1781 1751 1973 1812 filiorum
1995 1752 2248 1816 Baschanis,
2283 1751 2333 1802 &
2359 1752 2514 1811 hirco·

523 1831 628 1863 rum
663 1833 771 1864 cum
801 1819 932 1882 adipe
964 1823 1123 1866 renum
1162 1821 1318 1877 tritici,
1354 1821 1404 1868 δε
1436 1818 1696 1883 sanguinem
1720 1832 1913 1866 uvarum
1937 1817 2062 1867 bibes
2086 1819 2316 1874 merum‚”
2348 1818 2477 1868 Deut
2496 1837 2513 1867 ;

522 1897 692 1931 xxxn:
718 1901 788 1947 13.
822 1902 896 1944 14.
930 1901 1006 1947 15,
1042 1886 1220 1933 Arietes
1255 1885 1338 1933 filii
1363 1884 1595 1933 Baschanis
1628 1900 1714 1949 pro
1747 1883 2005 1932 coelestibus
2043 1875 2360 1947 spiritualibus,
2396 1882 2514 1948 quid
2553 1918 2559 1924 -

523 1948 721 1997 coelestia
742 1949 996 2014 spiritualia,
1037 1951 1246 2003 videatur
1279 1969 1341 2000 n:
1368 1956 1505 2012 1824.
1578 1950 1725 2016 Apud
1747 1950 1995 2007 Davidem,
2037 1955 2072 1976 “
2097 1947 2378 2000 Holocausta
2413 1966 2511 1999 me-

524 2015 808 2063 dullatorum
848 2016 1035 2064 offeram
1072 2017 1184 2064 Tibi
1218 2034 1309 2066 cum
1331 2017 1480 2081 suffitu
1503 2019 1716 2074 Arietum,
1767 2017 1929 2064 faciam
1973 2015 2166 2066 bovem,
2184 2031 2294 2066 cum
2326 2015 2516 2071 hircis?

523 2080 703 2129 Psalm:
729 2097 841 2128 wa
863 2101 874 2130 ι
906 2099 980 2146 15,
1016 2083 1270 2131 holocausta
1292 2084 1642 2132 medullatorum
1683 2099 1769 2147 pro
1797 2081 2054 2132 coelestibus
2074 2097 2183 2144 quae
2205 2079 2306 2129 sunt
2329 2083 2515 2138 amoris,

523 2144 694 2194 suffitus
733 2149 920 2195 arietum
967 2164 1052 2213 pro
1088 2149 1385 2212 spiritualibus
1417 2166 1524 2213 quae
1555 2149 1657 2196 sunt
1678 2148 1800 2196 fidei.
1869 2147 2017 2212 Apud
2040 2145 2347 2203 Ezechielem,
2384 2151 2418 2174 “
2443 2148 2514 2196 A·

522 2211 643 2259 rabia
667 2215 713 2259 &
749 2229 907 2260 omnes
938 2215 1163 2278 principes
1186 2215 1353 2272 Kedar,
1404 2215 1452 2262 hi
1491 2215 1790 2278 negotiatores
1829 2229 1988 2260 manus
2030 2223 2145 2268 tuae,
2189 2213 2236 2261 in
2261 2213 2430 2276 Agnis,
2465 2213 2519 2260 in

523 2278 742 2326 Arietibus
777 2280 826 2326 δε
850 2280 1058 2337 Hircis,'’
1092 2296 1264 2328 xxv11:
1294 2299 1372 2338 21,
1422 2281 1502 2327 ubi
1535 2279 1592 2327 de
1615 2281 1762 2343 Tyro,
1798 2294 1878 2342 per
1922 2294 2061 2343 quam
2104 2277 2411 2342 significantur
2446 2278 2517 2326 illi

522 2345 603 2406 qui
643 2346 689 2390 in
735 2344 1073 2408 cognitionibus
1110 2346 1217 2393 boni
1257 2348 1305 2394 &
1344 2348 1439 2393 veri
1476 2345 1575 2393 sunt
1594 2381 1609 2402 ,
1662 2363 1724 2393 n:
1758 2362 1915 2400 1201,
1968 2343 2136 2392 Arabia
2173 2358 2259 2407 pro
2303 2342 2515 2406 sapientia

521 2425 698 2466 eorum,
733 2411 963 2474 Principes
995 2412 1146 2458 Kedar
1180 2428 1265 2475 pro
1311 2412 1606 2475 intelligentia
1644 2411 1909 2467 eorundem,
1945 2410 2074 2473 Agni
2118 2425 2203 2474 pro
2239 2408 2518 2467 coelestibus,

523 2475 700 2523 Arietes
746 2491 830 2539 pro
870 2476 1186 2541 spiritualibus,
1235 2477 1347 2525 hirci
1390 2494 1477 2541 pro
1525 2476 1817 2533 naturalibus,
1876 2491 1982 2538 quae
2038 2475 2197 2527 ordine
2251 2473 2354 2521 succ
2381 2475 2511 2522 dunt.

524 2542 671 2602 Apud
710 2541 902 2598 Esaiam,
941 2548 973 2569 ‘⁶
998 2544 1166 2589 Omnis
1198 2558 1311 2604 grex
1338 2543 1487 2589 Kedar
1523 2542 1918 2603 congregabuntur
1941 2538 2068 2594 Tibi,
2104 2539 2270 2585 Arietes
2291 2491 2513 2600 NeeZajoth

526 2606 840 2652 ministrabunt
862 2607 990 2662 Tibi,
1027 2607 1258 2653 ascendent
1291 2608 1346 2653 ad
1381 2607 1708 2668 beneplacitum
1733 2605 1889 2652 Altare
1922 2619 2096 2659 meum,
2133 2604 2181 2650 δε
2206 2604 2400 2650 domum
2434 2605 2513 2651 de-

527 2672 642 2717 coris
682 2672 771 2717 mei
811 2665 1081 2727 decorabo,”
1119 2685 1207 2718 Lx:
1238 2689 1282 2734 7,
1331 2671 1393 2717 ibi
1432 2671 1486 2716 de
1518 2672 1709 2718 Domini
1729 2669 1904 2716 Divino
1928 2670 2188 2723 Humano,
2224 2685 2338 2732 grex
2361 2670 2513 2717 Kedar

526 2752 612 2799 pro
634 2737 814 2783 Divinis
838 2736 1110 2792 coelestibus,
1146 2738 1323 2783 Arietes
1354 2735 1584 2799 Nebajoth
1623 2752 1708 2799 pro
1743 2736 1924 2782 Divinis
1964 2733 2275 2797 spiritualibus.
2347 2735 2421 2782 Ex
2445 2735 2514 2783 his

527 2801 740 2849 omnibus
765 2818 882 2858 nunc
906 2802 1102 2849 constare
1125 2801 1284 2864 potest,
1321 2802 1447 2864 quod
1473 2804 1604 2849 Aries
1626 2803 1672 2848 in
1696 2800 1819 2848 sensu
1843 2803 2019 2847 interno
2041 2800 2262 2862 significet
2284 2801 2513 2848 Divinum

527 2867 763 2929 Spirituale
785 2860 993 2923 Domini,
1028 2869 1205 2916 &inde
1230 2868 1464 2931 Spirituale
1506 2869 1626 2931 apud
1663 2867 1913 2923 hominem,
1950 2865 2039 2923 seu,
2075 2865 2200 2928 quod
2232 2866 2373 2922 idem,
2409 2867 2512 2930 Spi-

528 2933 706 2980 rituales
729 2949 784 2980 ex
812 2949 972 2996 genere
996 2934 1206 2981 humano.
1396 2955 1401 2959 „
1638 2982 1644 2992 ,

515 3056 519 3063 ,
597 3004 736 3062 2831.
775 2999 882 3046 Post
905 3000 1111 3047 detentus
1134 3002 1178 3046 in
1203 2999 1432 3063 perplexo,
1469 2999 1592 3062 qood
1632 2999 1851 3062 significet
1892 2997 2147 3060 implicatos
2178 2996 2224 3043 in
2266 2995 2514 3044 scientifico

526 3065 728 3120 naturali,
765 3065 934 3111 constat
958 3082 981 3111 a
1001 3066 1322 3129 significatione
1346 3065 1531 3113 detineri
1565 3065 1636 3112 hic
1676 3065 1802 3127 quod
1840 3064 1893 3110 sit
1926 3062 2183 3125 implicari,
2221 3063 2266 3108 δι
2294 3077 2350 3110 ex
2375 3061 2512 3124 figni-

524 3131 729 3177 ficatione
752 3131 953 3193 perplexi
977 3146 1052 3177 aut
1072 3131 1274 3194 implexi,
1309 3131 1435 3194 quod
1459 3131 1511 3177 fit
1534 3131 1847 3185 scientificum,
1883 3129 1938 3174 de
1960 3143 2050 3190 qua
2079 3126 2292 3190 sequitur.
2366 3127 2516 3191 Qod

521 3196 777 3259 Spirituales
801 3196 1321 3260 detineantur‘implicati
1346 3198 1391 3244 in
1423 3196 1668 3245 scientifico
1703 3194 1889 3244 naturali
1913 3192 2067 3258 quoad
2089 3208 2195 3242 vera
2218 3192 2509 3308 fidei,hitgese

1576 3272 1579 3278 '
2350 3269 2352 3271 ’
2387 3274 2410 3306 a
2467 3270 2511 3315 ῖς
