2872 3730
620 255 971 323 CAPUT
1021 254 1629 319 VIGESIMUM
1686 241 2195 324 TERTIUM.
2325 277 2410 347 97

412 393 538 443 Gens
561 394 837 447 nominatur,
872 390 922 437 δε
946 403 1028 452 per
1049 398 1234 451 gentem
1261 388 1536 451 significatur
1559 387 1760 436 Ecclefia
1783 388 1993 446 coelestis,
2029 407 2132 439 nam
2165 410 2244 456 per
2268 396 2409 454 Jchu-

413 461 521 514 dam
547 462 596 508 δε
619 460 815 507 Zionem
837 472 888 502 ea
909 453 1110 502 Ecclefia
1130 453 1398 516 intelligitur
1418 473 1430 502 ε
1465 454 1594 518 quod
1617 455 1822 516 Populus
1859 467 1989 502 terrae
2029 458 2216 515 dicatur,
2255 462 2328 507 ubi
2353 462 2411 508 de

412 526 563 579 Israele
588 526 636 572 δε
661 517 718 570 de
741 518 1061 582 Hierosolyma
1092 520 1258 583 agitur,
1295 519 1467 568 constat
1490 536 1516 566 a
1534 519 1739 582 pluribus
1764 519 1875 568 locis
1898 522 1945 567 in
1965 521 2135 579 Verbo,
2171 527 2232 571 ita
2254 526 2330 572 ubi
2352 528 2411 573 de

410 591 610 640 Ecclesia
633 586 862 652 spirituali,
897 598 951 632 ut
982 585 1105 650 apud
1128 584 1435 641 Ezechielem,
1472 590 1507 612 “
1530 586 1669 632 Dicas
1706 586 1763 633 ad
1789 586 1998 648 Populum
2033 598 2176 645 terrae,
2212 592 2275 636 ita
2297 592 2409 638 dicit

408 657 639 705 Dominus
660 652 861 715 jehovih
880 651 1201 701 habitatoribus
1216 653 1524 715 Hierofhlymae,
1561 651 1619 698 ad
1642 651 1839 699 humum
1863 653 2049 715 Israelis,
2085 670 2247 717 panem
2273 655 2405 703 suum

412 724 460 771 in
483 735 673 770 maerore
694 712 846 774 edent,
882 719 933 766 &
954 733 1088 782 aquas
1113 716 1210 765 suas
1233 719 1280 765 in
1304 718 1545 765 vastatione
1586 717 1761 775 bibent,
1797 730 2036 782 propterea
2067 732 2120 767 ut
2155 719 2406 769 devastetur

416 788 553 839 Terra
581 784 695 850 ejus,
729 783 864 833 urbes
887 783 1100 839 habitatae
1121 783 1430 841 vastabuntur,
1467 785 1517 831 δε
1537 784 1675 832 Terra
1698 783 1890 832 desolata
1913 786 2048 842 erit,”
2070 801 2178 834 x11:
2210 804 2281 849 19.
2311 804 2372 836 20
2394 811 2408 843 3

418 853 498 901 ubi
535 853 583 900 in
621 850 744 899 sensu
784 852 959 898 interno
991 849 1316 914 Hierosolyma
1353 851 1402 898 δε
1436 848 1606 898 humus
1635 850 1803 905 Israelis
1835 853 1922 914 pro
1945 851 2146 899 Ecclesia
2181 852 2412 916 spirituali,

411 917 546 983 ‘panis
570 920 619 967 δι
644 932 776 982 aquae
795 932 882 980 pro
905 916 1135 973 charitate,
1167 917 1218 965 &
1254 916 1363 973 fide,
1406 914 1479 963 seu
1513 932 1600 980 pro
1639 916 1847 964 bono&
1875 933 2020 973 vero·‚
2055 930 2170 965 terra
2208 935 2292 981 pro
2324 919 2415 982 ipsa

419 983 636 1043 Ecclefia,
672 999 778 1048 quae
802 982 968 1031 vastata
989 983 1157 1030 dicitur
1188 982 1340 1046 quoad
1379 981 1573 1039 bonum,
1609 983 1659 1030 δε
1683 981 1876 1030 desolata
1915 984 2067 1047 quoad
2100 1000 2276 1032 verum.
2349 987 2419 1032 A·

411 1051 520 1116 'pud
542 1050 778 1107 Eundem,
816 1054 850 1076 “
875 1049 1068 1113 Gogum
1103 1049 1155 1097 &
1195 1048 1538 1096 multitudinem
1577 1046 1671 1112 ejus
1711 1048 1921 1112 sepelient
1958 1050 2126 1097 domus
2153 1051 2331 1107 Israelis,
2365 1063 2418 1098 ut

421 1117 648 1166 mundent
667 1116 846 1165 Terram
869 1113 1039 1179 septem
1053 1114 1306 1171 mensibus,
1341 1115 1391 1163 &
1425 1114 1634 1178 sepelient
1669 1116 1820 1163 omnis
1844 1117 2032 1177 Populus
2055 1119 2231 1174 terrae,”
2264 1133 2415 1164 xxix:

429 1202 487 1248 13
509 1206 525 1240 ·,
560 1183 725 1246 Gogus
748 1198 833 1246 pro
854 1182 982 1229 cultu
1005 1194 1192 1229 externo
1215 1181 1410 1244 separato
1426 1181 1483 1228 ab
1505 1182 1699 1238 interno,
1734 1182 1815 1244 qui
1837 1181 2162 1239 idololatricus,
2187 1200 2239 1231 n:
2266 1202 2283 1231 1
2300 1202 2316 1232 1
2333 1200 2382 1245 51
2403 1205 2417 1238 ς

425 1249 596 1297 domus
633 1249 801 1296 Israelis
840 1263 926 1310 pro
961 1246 1160 1294 Ecclefia
1200 1246 1415 1311 spirituali
1451 1247 1603 1310 quoad
1644 1247 1834 1303 bonum,
1871 1248 2068 1313 populus
2101 1261 2230 1297 terrae
2270 1250 2423 1313 quoad

426 1330 587 1367 verum
609 1337 625 1370 ·,
661 1313 776 1361 terra
803 1329 889 1376 pro
918 1313 1011 1376 ipsa
1031 1312 1266 1369 Ecclefia;
1301 1313 1429 1376 quod
1467 1326 1582 1360 terra
1614 1313 1669 1360 sit
1697 1313 1915 1369 Ecclesia,
1952 1314 2015 1361 est
2037 1316 2146 1378 quia
2163 1317 2307 1362 Terra
2330 1317 2420 1363 Ca-

427 1398 538 1429 naan
561 1379 898 1444 repraesentabat
922 1380 1140 1442 Regnum
1164 1380 1375 1436 Domini,
1398 1380 1460 1426 ita
1480 1379 1746 1435 Ecclesiam,
1781 1396 1887 1427 nam
1913 1375 2134 1444 Regnum
2157 1383 2348 1429 Domini
2375 1384 2422 1429 in

427 1449 555 1496 terris
586 1446 651 1495 est
671 1445 880 1494 Ecclefia.
950 1444 1098 1508 Apud
1122 1445 1356 1502 Eundem,
1395 1450 1428 1472 “
1452 1446 1620 1493 Omnis
1647 1445 1829 1507 Populus
1869 1456 1997 1493 terrae
2034 1449 2117 1494 erit
2156 1448 2211 1494 ad
2242 1448 2421 1495 Theru-

429 1529 557 1562 mam
579 1513 694 1560 hanc
717 1511 1035 1571 (sublationem
1055 1514 1090 1570 :)
1115 1512 1318 1575 Principi
1341 1511 1515 1574 Iftaelis
1534 1534 1549 1566 ;
1586 1514 1636 1558 δε
1667 1509 1798 1559 faciet
1821 1513 2036 1576 Princeps
2060 1515 2107 1560 in
2130 1513 2202 1560 die
2226 1514 2312 1560 hoc
2337 1530 2423 1577 pro

429 1579 489 1636 se,
504 1611 507 1613 -
525 1580 575 1626 &
598 1594 685 1642 pro
707 1578 837 1624 omni
857 1577 1165 1637 Populo-terre
1181 1574 1436 1638 juvencum
1467 1576 1668 1638 peccati:
1706 1576 2008 1624 incurvabunt
2030 1578 2073 1626 se
2089 1579 2278 1641 Populus
2300 1590 2427 1626 terrae

429 1645 488 1693 ad
510 1643 679 1691 ostium
710 1649 856 1706 p’ortae
881 1641 929 1687 in
952 1639 1170 1687 sabbathis
1194 1642 1243 1687 ὅτ
1267 1641 1542 1688 noviluniis:
1565 1641 1629 1688 μδε
1663 1642 1845 1688 intrabit
1870 1643 2052 1703 Populus
2075 1655 2203 1691 terrae
2226 1646 2272 1691 in
2308 1643 2427 1691 sestis

430 1710 603 1766 statiS,”
623 1723 749 1756 xw:
780 1707 852 1756 16.
881 1723 956 1756 22.
994 1708 1122 1769 Cap:
1149 1721 1300 1754 nvi:
1330 1724 1373 1769 3.
1402 1725 1449 1770 9,
1486 1706 1565 1754 ubi
1604 1707 1662 1754 de
1694 1707 1834 1754 Nova
1862 1707 2200 1772 Hierosolyma,
2236 1709 2322 1757 hoc
2347 1710 2427 1767 est,

432 1777 490 1825 de
512 1778 682 1838 Regno
703 1774 899 1822 Domini
922 1771 1169 1837 spirituali·,
1204 1775 1285 1836 qui
1324 1773 1404 1830 ibi,
1439 1785 1661 1821 vocantur
1693 1772 1901 1837 Populus
1939 1787 2088 1832 terrae,
2124 1776 2341 1839 Princeps
2363 1776 2429 1823 est

433 1844 612 1891 Verum
634 1842 862 1890 Divinum
891 1839 1017 1904 quod
1048 1856 1072 1886 a
1097 1840 1317 1887 Domino.
1386 1839 1493 1887 Filii
1515 1839 1665 1887 Cheth
1686 1840 1918 1897 dicuntur,
1952 1843 2058 1904 quia
2086 1857 2165 1905 per
2196 1842 2313 1890 filios
2341 1842 2430 1904 fig·

435 1910 678 1957 nificantur
699 1923 819 1963 vera,
853 1906 1062 1953 videatur
1091 1922 1152 1953 n:
1178 1911 1292 1972 489.
1318 1922 1433 1969 491.
1461 1922 1570 1970 533.
1597 1922 1735 1970 1147.
1762 1907 1885 1969 2623
1910 1925 1921 1954 ε
1957 1908 2084 1971 quod
2122 1924 2226 1956 vera
2263 1911 2430 1972 praedi-

437 1987 595 2024 centur
628 1974 685 2022 de
717 1972 1032 2037 spiritualibus,
1068 1972 1198 2020 causa
1227 1972 1306 2029 est,
1343 1974 1450 2036 quia
1471 1973 1730 2035 Spirituales
1767 1988 1848 2036 per
1881 1986 1989 2020 vera
2020 1975 2253 2021 initiantur
2279 1978 2326 2021 in
2352 1974 2433 2021 bo·

439 2057 574 2099 num,
598 2040 685 2089 hoc
708 2039 788 2097 est,
823 2054 903 2102 per
924 2038 1063 2086 fidem
1089 2040 1135 2086 in
1161 2038 1421 2090 charitatem
1441 2061 1458 2094 ·,
1492 2039 1542 2087 δε
1564 2041 1671 2103 quia
1693 2036 1865 2086 faciunt
1896 2038 2072 2087 bonum
2106 2056 2163 2087 ex
2200 2041 2434 2089 affeffione

436 2109 550 2164 veri,
597 2122 690 2167 non
724 2105 907 2153 scientes
938 2105 1117 2152 aliunde
1147 2105 1276 2168 quod
1306 2105 1360 2152 sit
1389 2105 1562 2152 bonum
1600 2121 1740 2170 quam
1777 2105 1905 2168 quod
1942 2107 2002 2153 ita
2040 2106 2271 2163 instructi,
2323 2123 2433 2161 con,-

437 2173 618 2222 scientia
653 2172 839 2221 illorum
861 2172 998 2229 etiam
1031 2170 1217 2219 fundata
1234 2169 1298 2218 est
1318 2173 1366 2219 in
1389 2170 1477 2219 illis
1499 2172 1617 2219 veris
1643 2171 1768 2228 fidei,
1805 2171 2009 2220 videatur
2032 2189 2062 2219 n
2082 2191 2093 2221 :
2126 2193 2143 2223 1
2160 2190 2265 2236 155.
2294 2190 2434 2237 1577.
2455 2192 2458 2195 “

440 2241 584 2302 2046.
613 2244 754 2290 2088.
778 2242 920 2299 2184.
939 2253 1082 2302 2507.
1107 2253 1249 2302 2715.
1273 2237 1414 2302 2716.
1436 2242 1578 2303 2718.
2195 2250 2198 2253 ⁴

511 2323 652 2371 2929.
690 2305 938 2367 Loquutus
975 2320 1084 2351 cum
1121 2304 1207 2351 illis
1247 2303 1458 2361 dicendo,
1494 2303 1621 2367 quod
1652 2304 1874 2368 significet
1902 2306 2225 2367 cogitationem
2262 2306 2312 2353 &
2336 2321 2436 2368 per-

443 2373 699 2434 ceptionem
732 2370 790 2416 de
820 2369 923 2423 illis,
960 2369 1132 2416 constat
1154 2386 1180 2416 a
1201 2361 1527 2432 significatione
1559 2371 1683 2432 loqui
1710 2373 1756 2418 &
1780 2370 1945 2426 dicere,
1980 2372 2106 2432 quod
2139 2371 2194 2418 fit
2233 2374 2433 2433 cogitare

443 2439 492 2485 &
516 2437 762 2500 percipere,
798 2433 854 2480 de
885 2449 975 2496 qua
1008 2450 1070 2482 n:
1102 2438 1408 2498 1893.1919.
1437 2439 1581 2484 2080.
1606 2451 1751 2499 2271.
1780 2440 1922 2498 2287.
1953 2437 2096 2497 2506.
2125 2452 2268 2499 2515.
2290 2452 2434 2498 2552.

445 2504 534 2552 261
577 2537 588 2548 .
1814 2535 1820 2538 -

437 2602 445 2607 -
514 2522 656 2633 2330.
694 2566 744 2612 Si
778 2564 843 2611 est
877 2580 986 2612 cum
1026 2567 1175 2614 anima
1204 2565 1362 2621 vestra,
1411 2566 1538 2629 quod
1578 2566 1797 2629 fignificet
1830 2567 1861 2613 si
1894 2583 1951 2613 ex
1982 2566 2214 2615 affestione
2249 2569 2343 2615 veri
2382 2583 2440 2614 ex

442 2637 599 2691 corde,
634 2630 808 2680 constat
830 2647 855 2677 a
878 2630 1201 2694 significatione
1226 2633 1414 2678 Animae
1453 2634 1499 2678 in
1536 2631 1658 2678 sensu
1691 2635 1895 2680 interno:
1932 2635 1977 2679 in
2002 2635 2157 2680 Verbo
2189 2637 2345 2697 paffim
2369 2634 2439 2680 di-

446 2703 579 2757 citur,
614 2698 742 2763 quod
773 2713 830 2744 ex
861 2697 996 2744 corde
1019 2698 1068 2745 δι
1092 2713 1148 2744 ex
1171 2699 1336 2754 anima,
1373 2696 1446 2744 seu
1475 2714 1533 2744 ex
1564 2711 1666 2745 toto
1701 2699 1852 2755 corde,
1890 2700 1938 2745 &
1963 2715 2021 2749 ex
2056 2713 2149 2746 tota
2182 2704 2348 2756 anima,
2384 2701 2435 2746 δε

446 2767 724 2832 significatur
746 2780 827 2827 per
849 2763 938 2819 illa,
975 2763 1101 2826 quod
1140 2779 1196 2810 ex
1232 2765 1360 2810 omni
1399 2764 1632 2811 voluntate
1667 2766 1717 2812 &
1755 2781 1811 2811 ex
1845 2766 1972 2811 omni
2014 2766 2275 2821 intellectu3
2311 2768 2439 2829 quod

447 2834 569 2880 binae
592 2831 821 2879 facultates
850 2829 1024 2876 homini
1057 2830 1157 2886 sint,
1195 2846 1359 2893 nempe
1393 2830 1676 2878 voluntas&
1701 2831 1962 2887 intelleCluS,
2000 2833 2142 2878 cuivis
2176 2833 2320 2895 potest
2358 2849 2440 2879 no-

450 2913 554 2947 tum
577 2898 677 2954 effe,
712 2909 814 2944 tum
850 2895 973 2959 quod
1016 2896 1224 2943 voluntas
1263 2895 1456 2960 separata
1485 2896 1674 2943 facultas
1711 2897 1765 2943 fit
1800 2897 1856 2944 ab
1888 2897 2133 2954 intelle-{tm
2168 2915 2290 2960 nam'
2312 2900 2442 2944 intel·

451 2965 590 3028 ligere
613 2963 844 3028 possumus
875 2962 1048 3009 bonum
1073 2964 1121 3010 δι
1146 2979 1326 3018 verum,
1362 2961 1435 3008 sed
1460 2963 1598 3026 usque
1621 2962 1737 3009 velle
1772 2963 1945 3009 malum
1985 2964 2034 3010 δε
2072 2962 2230 3010 falsum
2252 2986 2265 3018 3
2301 2963 2445 3011 homo

452 3047 479 3079 a
501 3031 725 3094 principio
749 3030 809 3076 ita
833 3040 1004 3075 creatus
1025 3028 1106 3085 est,
1140 3039 1193 3075 ut
1218 3029 1426 3076 voluntas
1448 3030 1497 3076 &
1522 3029 1772 3075 intellectus
1807 3029 1928 3091 apud
1969 3029 2099 3075 illum
2144 3045 2287 3075 unum
2328 3029 2442 3076 face—

453 3109 569 3153 rent,
602 3097 662 3144 s1c
687 3107 737 3142 ut
759 3111 850 3142 non
875 3095 998 3141 aliud
1019 3097 1237 3158 cogitaret
1258 3111 1398 3159 quam
1422 3095 1574 3151 vellet,
1611 3111 1691 3141 nec
1716 3094 1835 3140 aliud
1858 3094 1994 3140 vellet
2028 3110 2168 3156 quam
2208 3095 2440 3156 cogitaret,

455 3162 555 3210 talis
592 3162 725 3208 status
761 3161 834 3208 est'
863 3161 985 3224 apud
1023 3160 1239 3217 coelestes,
1287 3163 1336 3208 δι
1377 3160 1465 3207 fuit
1504 3163 1549 3206 in
1588 3159 1758 3206 caelesti
1781 3159 1995 3212 Ecclesia,
2030 3176 2134 3222 quse
2166 3162 2332 3209 Homo
2371 3160 2445 3206 seu

456 3227 616 3277 Adam
639 3227 788 3284 dicer,
823 3240 867 3276 at
891 3227 1013 3292 apud
1038 3227 1294 3290 Spirituales
1334 3225 1406 3275 seu
1447 3228 1494 3273 in
1530 3226 1760 3291 Spirituali
1797 3224 2013 3283 Ecclesia,
2045 3226 2106 3272 est
2137 3225 2328 3334 separafta
2363 3241 2450 3336 ilua

449 3330 454 3334 .
1470 3293 1520 3340 Ν
2293 3305 2371 3336 acu
2396 3305 2458 3338 tas
