2872 3730
493 301 583 360 40
919 224 1986 346 'GENESIS

504 408 625 455 di&
658 407 816 457 falsum
853 409 1092 475 inspirandi
1133 412 1255 476 apud
1296 411 1547 469 hominem,
1583 420 1641 460 n':
1676 413 1813 478 1695.
1846 428 1983 478 1717.
2046 410 2191 476 Qod
2238 410 2499 460 tentationes

511 474 623 521 fiant
645 477 767 540 apud
791 493 865 524 eos
889 480 969 541 qui
989 478 1303 525 conscientiam
1327 477 1507 535 habent,
1544 479 1593 526 ὅτ
1615 481 1833 526 acutiores
1865 478 1988 543 apud
2021 494 2096 526 eos
2133 480 2214 542 qui
2254 479 2503 542 perceptio-

513 556 637 597 nem,
675 559 734 589 n:
769 544 904 591 1668.
965 545 1111 608 Qod
1148 544 1285 591 hodie
1316 560 1414 592 raro
1433 546 1546 592 fiant
1569 546 1851 602 tentationes,
1886 544 1961 592 sed
1983 545 2238 602 anxietates,
2273 560 2380 607 quae
2403 544 2503 591 aliae
2533 598 2535 601 ¹

517 609 566 655 &
592 608 785 667 aliunde,
824 625 882 657 n:
915 611 1021 673 762.
1060 611 1206 674 Qod
1230 611 1434 658 homines
1456 611 1740 675 spiritualiter
1775 613 1945 659 mortui
1975 628 2067 659 non
2098 613 2262 676 possint
2299 610 2506 658 sustinere

456 709 461 714 .
517 689 693 737 pugnas
714 677 1031 730 tentationum,
1064 692 1122 723 n:
1151 691 1260 740 270.
1314 677 1459 740 Qod
1500 693 1658 724 omnes
1681 679 1944 725 tentationes
1967 677 2117 724 secum
2141 677 2329 724 habeant
2352 674 2506 739 despe-

519 742 737 787 rationem
763 742 818 788 de
844 741 949 798 fine,
984 758 1041 789 n:
1075 747 1212 807 1787.
1244 747 1381 792 1820.
1434 742 1581 806 Qod
1615 742 1716 806 post
1738 745 2002 791 tentationes
2021 744 2269 800 fluetuatio,
2306 759 2366 790 n:
2396 746 2506 802 848.

525 810 633 869 857.
685 807 829 870 Qod
864 806 971 854 boni
994 824 1074 871 per
1095 810 1357 856 tentationes
1388 808 1573 865 discant,
1609 809 1735 872 quod
1757 825 1850 857 non
1872 809 1958 857 sint
1980 809 2060 857 nisi
2085 810 2275 865 malum,
2310 809 2359 856 &
2383 807 2511 872 quod

522 874 676 919 omnia
696 874 779 920 sint
803 874 1136 931 misericordiae,
1172 891 1233 922 n:
1263 893 1320 938 23
1329 893 1404 939 34.
1466 874 1612 939 Qod
1652 892 1732 939 per
1761 873 2391 938 tentationes'conjungantur
2415 890 2511 922 arc-

523 940 612 985 tius
636 939 753 986 bona
776 941 909 996 veriS,
946 955 976 986 n
996 958 1006 986 :
1034 956 1173 1004 2272.
1212 942 1357 1001 Quod
1381 957 1472 989 non
1496 939 1718 988 salventur
1740 958 1821 1005 per
1843 943 2109 989 tentationes
2138 941 2171 988 s1
2193 939 2511 995 succumbunt,

522 1019 603 1051 nec
637 1006 669 1052 fi
701 1017 860 1068 putant
887 1021 966 1068 per
997 1022 1066 1053 eas
1091 1008 1309 1064 meruisse,
1346 1024 1374 1055 n
1397 1027 1407 1055 :
1436 1023 1528 1071 227
1536 1025 1577 1071 3.
1637 1008 1784 1069 Qod
1807 1009 1853 1055 in
1876 1009 2006 1055 omni
2029 1009 2301 1055 Tentatione
2325 1006 2379 1053 sit
2400 1006 2510 1053 libe-

524 1086 646 1127 rum,
680 1070 838 1118 fortius
862 1081 1000 1134 quam
1024 1085 1146 1119 extra
1168 1075 1452 1131 tentationes,
1488 1090 1544 1121 n:
1578 1090 1716 1138 1937.

596 1141 736 1185 2820.
781 1137 906 1184 Vers:
943 1155 1011 1185 11.
1061 1140 1124 1184 Et
1163 1139 1368 1186 clamavit
1403 1140 1463 1187 ad
1495 1155 1584 1186 eum
1603 1140 1786 1202 Angelus
1807 1139 1990 1202 Jehovae
2013 1156 2034 1187 e
2056 1139 2170 1200 ccclv,
2205 1139 2260 1188 &
2282 1139 2411 1195 dixit,
2447 1139 2512 1186 A·

526 1203 721 1258 braham,
760 1203 999 1258 Abraham,
1035 1203 1089 1251 ἐξ
1129 1204 1240 1250 dixit
1274 1221 1361 1251 ecce
1396 1221 1481 1265 ego.
1555 1204 1781 1251 Clamavit
1816 1205 1873 1250 ad
1912 1221 2018 1251 eum
2045 1205 2254 1267 Angelus
2276 1204 2470 1264 Jehovae
2491 1219 2516 1249 e

527 1268 666 1325 coelo,
702 1269 920 1332 significat
944 1267 1291 1317 consolationem
1326 1285 1382 1316 ex
1404 1269 1508 1333 Ipso
1529 1269 1709 1316 Divino
1731 1282 1876 1325 tunc;
1914 1271 1962 1316 &
1987 1269 2119 1325 dixit,
2156 1268 2407 1324 Abraham,
2445 1270 2514 1315 A·

530 1333 729 1389 braham,
766 1336 815 1382 δε
840 1335 955 1381 dixit
977 1351 1079 1381 ecce
1117 1351 1221 1398 ego,
1259 1336 1479 1399 significat
1518 1337 1855 1399 perceptionem
1904 1334 2215 1382 consolationis
2260 1335 2307 1382 in
2343 1334 2518 1382 Divino

529 1400 661 1447 Bono
685 1400 931 1447 Rationalis
955 1401 1055 1464 post
1078 1403 1385 1449 tentationem.
2067 1412 2069 1415 ’

599 1470 742 1515 2821.
779 1467 1006 1514 Clamavit
1040 1467 1096 1514 ad
1130 1484 1235 1514 eum
1261 1469 1469 1532 Angelus
1490 1469 1682 1530 Jehovae
1704 1485 1728 1515 e
1762 1466 1900 1525 coelo,
1936 1467 2063 1532 quod
2104 1467 2326 1532 significet
2363 1465 2520 1514 conso-

530 1532 742 1579 lationem
781 1549 836 1579 ex
875 1532 977 1595 Ipso
1013 1534 1187 1581 Divino
1226 1546 1352 1590 tune,
1387 1535 1585 1582 constare
1623 1534 1770 1597 potest
1807 1551 1865 1581 ex
1900 1534 2223 1597 significatione
2269 1533 2520 1584 clamat-exe

531 1598 670 1653 caelo,
707 1599 833 1661 quod
857 1598 909 1644 sit
932 1598 1164 1655 consolari,
1201 1612 1254 1645 ut
1287 1615 1470 1662 quoque
1509 1611 1630 1663 patet
1666 1599 1722 1645 ab
1758 1599 1842 1645 illis
1876 1615 1982 1661 quae
2005 1599 2212 1662 proxime
2237 1599 2519 1662 praecedunt,

531 1664 582 1710 δε
604 1679 709 1726 quae
742 1680 850 1710 mox
886 1663 1165 1726 sequuntur·,
1199 1665 1249 1712 δε
1274 1681 1329 1711 ex
1352 1665 1673 1728 fignificatione
1697 1664 1868 1727 Angeli
1892 1663 2099 1725 Jehovae,
2135 1679 2242 1711 cum
2267 1663 2439 1727 Angeli
2473 1665 2519 1710 in

532 1730 687 1781 Verbo
711 1731 1016 1786 nominantur,
1052 1732 1178 1792 quod
1217 1747 1299 1794 per
1335 1747 1412 1778 eos
1450 1729 1730 1795 intelligatur
1768 1730 1936 1794 aliquid
1976 1731 2022 1776 in
2043 1731 2267 1787 Domino,
2305 1729 2379 1777 sed
2403 1729 2520 1793 quid

533 1796 743 1852 Domini,
779 1796 902 1858 quod
928 1808 1133 1860 appareat
1155 1813 1212 1844 ex
1234 1795 1354 1853 serie,
1389 1798 1595 1845 videatur
1619 1815 1680 1845 n:
1714 1813 1862 1862 1925:
1901 1796 2102 1843 similiter
2137 1795 2302 1860 legitur
2340 1795 2397 1842 de
2419 1796 2520 1843 Do-

534 1861 679 1916 mino,
716 1878 822 1908 cum
863 1864 1155 1909 tentationem
1196 1865 1502 1926 gravissimam
1534 1863 1738 1911 sustinuit
1759 1865 1805 1910 in
1827 1860 2143 1921 Gethsemane‚
2176 1861 2302 1925 quod
2326 1859 2445 1908 visus
2467 1861 2523 1910 sit

534 1927 623 1990 Ipfi
637 1927 821 1989 Angelus
841 1928 891 1975 de
913 1928 1006 1975 caelo
1031 1927 1287 1976 confortans
1313 1928 1484 1993 Ipsum,
1520 1930 1655 1977 Luc:
1680 1945 1790 1993 xxu
1813 1949 1823 1977 :
1850 1946 1912 1993 43
1935 1951 1950 1984 ·‚
1987 1944 2067 1992 per
2090 1927 2329 1991 Angelum
2353 1943 2378 1974 e
2401 1927 2523 1976 coelo

536 1994 598 2039 ibi
623 1994 668 2040 in
691 1993 812 2040 sensu
838 1994 1013 2041 interno
1034 1996 1168 2041 etiam
1203 1994 1471 2058 intelligitur
1491 1997 1719 2044 Divinum
1741 1996 1867 2059 quod
1893 1998 1939 2042 in
1964 1994 2080 2059 Ipso.

608 2064 748 2107 2822.
803 2060 868 2107 Et
907 2060 1022 2107 dixit
1047 2060 1298 2118 Abraham,
1335 2062 1583 2118 Abraham,
1619 2062 1667 2110 &
1709 2062 1825 2109 dixit
1863 2077 1964 2108 ecce
2001 2077 2107 2124 ego,
2142 2059 2269 2123 quod
2306 2058 2525 2122 significet

538 2126 873 2188 perceptionem
898 2125 1210 2174 consolationis
1235 2129 1287 2176 ‚in
1310 2128 1485 2176 Divino
1509 2130 1639 2175 Bono
1663 2127 1912 2174 Rationalis
1944 2126 2044 2190 post
2067 2126 2379 2182 tentationem,
2414 2141 2524 2172 con-

538 2190 648 2237 stare
672 2191 816 2253 potest
850 2207 874 2236 a
898 2191 1218 2254 significatione
1259 2193 1405 2240 dicere
1446 2196 1492 2241 in
1527 2193 1745 2241 historicis
1768 2192 1927 2249 Verbi,
1963 2192 2090 2255 quod
2114 2191 2166 2238 fit
2189 2192 2431 2254 percipere,
2468 2191 2525 2239 de

539 2272 632 2319 qua
671 2257 832 2320 saepius
869 2259 1024 2321 prius;
1062 2258 1134 2304 hic
1172 2259 1298 2321 quod
1335 2259 1389 2306 fit
1427 2261 1656 2323 perceptio
1695 2260 1740 2305 in
1767 2259 1942 2305 Divino
1967 2259 2096 2305 Bono
2117 2257 2384 2314 Rationalis,
2420 2257 2527 2304 inde

539 2322 619 2378 est,
655 2324 759 2385 quia
790 2323 864 2369 hic
896 2339 975 2386 per
999 2323 1333 2382 Abrahamum‚
1368 2325 1643 2388 significatur
1680 2325 1906 2371 Divinum
1947 2325 2129 2371 Bonum
2166 2323 2414 2370 Rationalis
2453 2322 2530 2370 seu

541 2388 752 2436 Humani
776 2389 993 2436 Domini:
1030 2389 1140 2452 quid
1166 2391 1219 2437 fit
1242 2394 1472 2454 perceptio
1509 2393 1554 2438 in
1575 2392 1750 2438 Divino
1775 2391 1903 2436 Bono
1926 2389 2190 2443 Rationalis,
2226 2404 2319 2435 non
2340 2387 2398 2434 ad
2420 2403 2527 2451 cap-

542 2465 643 2500 tum
668 2454 880 2517 explicari
903 2454 1080 2518 potest,
1117 2466 1358 2519 antequam
1378 2459 1499 2502 enim
1530 2457 1794 2521 explicatur,
1832 2454 2023 2502 formata
2045 2456 2128 2500 erit
2151 2453 2249 2500 idea
2272 2453 2328 2501 de
2350 2454 2526 2501 Divino

543 2520 768 2566 Humano
798 2522 985 2567 Domini
1024 2536 1080 2566 ex
1115 2523 1375 2584 cognitione
1414 2523 1632 2585 plurium,
1669 2538 1774 2585 quae
1797 2534 2032 2581 antequam
2059 2517 2249 2563 formata
2281 2517 2359 2574 est,
2396 2519 2527 2566 cade·

545 2597 643 2630 rent
666 2586 835 2640 omnia,
872 2602 977 2647 quae
999 2586 1309 2647 explicationis
1332 2587 1483 2641 essent,
1518 2588 1563 2632 in
1601 2587 1720 2631 ideas
1756 2584 1828 2629 vel
1852 2599 2014 2629 vacuas
2053 2582 2126 2628 vel
2160 2581 2387 2646 obscuras,
2421 2599 2529 2646 quae

546 2664 651 2695 vera
687 2651 762 2696 vel
798 2662 1099 2712 perverterent
1137 2650 1209 2696 vel
1247 2649 1457 2696 inferrent
1497 2651 1787 2712 incongruis·,
1822 2650 1866 2695 in
1890 2648 1977 2695 hoc
2002 2646 2142 2694 Versu
2164 2647 2221 2694 de
2244 2649 2395 2711 primo
2415 2648 2529 2699 statu

547 2714 648 2777 post
669 2717 959 2761 tentationem
984 2716 1177 2761 Domini
1200 2716 1363 2778 agitur,
1390 2720 1479 2778 vqui
1502 2715 1566 2763 est
1589 2716 1723 2762 status
1747 2714 2078 2780 consolationis,
2113 2729 2249 2777 quare
2277 2731 2399 2762 nunc
2437 2731 2530 2764 non

547 2780 741 2842 amplius
767 2781 931 2827 dicitur
954 2781 1097 2837 Deus,
1135 2779 1207 2827 sed
1233 2781 1453 2841 Jehovah,
1495 2784 1614 2829 Deus
1638 2783 1760 2828 enim
1783 2780 1965 2837 dicitur,
2001 2796 2107 2826 cum
2133 2781 2282 2842 agitur
2305 2780 2362 2827 de
2383 2781 2524 2839 Vero,

548 2862 604 2892 ex
626 2862 719 2908 quo
741 2862 910 2908 pugna,
947 2846 1153 2906 Jehovah
1192 2860 1341 2893 autem
1383 2863 1492 2895 cum
1527 2849 1582 2895 de
1618 2848 1755 2903 bono,
1790 2862 1846 2892 ex
1868 2862 1962 2909 quo
1985 2845 2245 2903 consolatio,
2280 2862 2337 2893 n:
2365 2848 2527 2911 27693

548 2914 696 2959 omnis
728 2911 970 2959 consolatio
1006 2912 1106 2975 post
1145 2914 1434 2960 tentationem
1476 2914 1718 2981 insinuatur
1743 2914 1789 2959 in
1812 2912 2001 2968 bonum,
2036 2927 2141 2958 nam
2166 2926 2224 2957 ex
2248 2911 2369 2958 bono
2393 2928 2530 2961 omne

548 2979 789 3040 gaudium,
824 2993 879 3025 ex
902 2978 1022 3024 bono
1058 2979 1211 3035 transit
1244 2980 1290 3025 in
1312 2995 1504 3036 verum;
1540 2980 1613 3027 hic
1647 2978 1765 3039 ‘ideo'
1789 2995 1869 3040 per
1903 2977 2217 3025 Abrahamum
2255 2976 2529 3040 significatur

549 3044 771 3089 Divinum
798 3045 977 3090 Bonum
1003 3044 1268 3100 Rationalis,
1306 3057 1356 3091 ut
1391 3046 1495 3094 alibi
1531 3048 1667 3093 etiarn
1705 3047 1880 3109 paffim‚
1916 3044 1965 3091 δε
1991 3056 2098 3091 tunc
2120 3057 2230 3089 cum
2253 3042 2460 3103 Jehovah
2481 3046 2528 3092 in

543 3109 706 3156 eodem
733 3109 873 3163 Versu
910 3111 1180 3156 nominatur.
1390 3110 1398 3116 “
2326 3119 2328 3124 ’

611 3179 699 3227 2812
709 3192 750 3237 3.
789 3175 926 3222 Vers:
961 3192 1032 3223 12.
1084 3178 1148 3224 Et
1169 3175 1297 3230 dixit,
1333 3192 1382 3222 ne
1419 3178 1567 3223 mittas
1599 3193 1766 3223 manum
1798 3187 1916 3223 tuam
1940 3175 2001 3222 ad
2012 3186 2207 3237 puerum,
2244 3174 2298 3223 ἔθ’
2322 3191 2371 3222 ne
2380 3175 2528 3236 facias

536 3241 603 3289 illi
625 3242 858 3308 quicquam,
895 3243 993 3306 quia
1030 3257 1136 3289 nunc
1175 3244 1292 3298 novi,
1328 3242 1436 3305 quod
1469 3244 1616 3290 timeas
1639 3244 1777 3290 Deum
1816 3253 1881 3298 tu,
1934 3242 1989 3290 ὕ
2026 3257 2106 3290 non
2145 3240 2360 3302 cohibuisti
2390 3241 2528 3299 filium

2383 3316 2524 3364 tuum,
