2904 3750
480 208 606 290 516
948 193 1941 284 GENESIS.

543 339 684 398 3831.
717 331 782 379 Et
815 328 1003 391 collegit
1039 328 1201 376 Laban
1232 341 1397 374 omnes
1431 324 1559 373 viros
1598 324 1710 383 loci,
1746 323 1872 389 quod
1898 322 2127 388 significet
2162 325 2324 375 omnia
2351 342 2458 376 vera

476 401 592 449 illius
629 399 781 454 status,
819 393 997 441 constat
1025 409 1048 439 a
1078 391 1411 455 significatione
1437 391 1662 448 virorum,
1698 390 1824 456 quod
1870 389 1956 438 sint
1989 394 2115 450 vcia,
2153 392 2211 440 de
2256 409 2346 459 qua
2386 409 2417 440 n
2442 409 2465 440 t

477 483 643 530 31345
679 460 728 510 ὅτ
767 479 792 508 a
831 459 1167 523 significatione
1212 457 1320 516 loci,
1357 456 1485 523 quod
1523 456 1581 506 stt
1612 456 1772 514 statuS,
1803 457 1862 505 de
1902 472 1991 521 qua
2026 475 2054 506 n
2081 475 2093 506 ε
2121 457 2269 523 2625.
2306 463 2464 526 2837*-

476 532 620 595 3356·
647 531 788 593 3387-
884 591 892 601 .
1061 590 1070 600 .
1110 588 1119 597 .
1531 588 1541 598 .
1691 589 1787 606 ...
1839 591 1849 600 .
2419 589 2429 599 .

543 599 684 660 3832.
720 594 782 642 Et
806 591 917 639 fecit
939 604 1224 647 convivmm,
1260 588 1387 653 quod
1422 588 1655 653 figur-ficet
1691 602 2012 650 initiationem,
2048 589 2222 639 constat
2255 607 2282 638 a
2314 590 2460 654 figni-

451 658 690 711 'ficatione
731 656 964 714 convivii,
991 656 1115 721 quod
1151 655 1207 703 fit
1245 655 1567 719 appropriatio
1605 655 1655 702 &
1693 655 1978 720 conjunctio,
2013 658 2072 704 de
2095 672 2185 721 qua
2208 672 2237 703 n
2265 672 2276 703 :
2305 658 2457 720 3596,

471 729 552 776 hic
579 726 800 782 initiati0,
835 723 943 788 quia
968 723 1065 770 haec
1091 720 1311 787 praecedit
1334 719 1732 784 conjunctionem,
1754 738 1807 770 ac
1829 722 2024 788 spondet
2049 721 2097 769 &
2123 721 2305 770 testatur
2328 738 2465 769 earn:-

474 793 700 843 Convivia
722 806 826 855 quae
846 788 1097 854 antiquitus
1122 786 1292 836 fiebant
1315 787 1439 851 apud
1465 786 1568 835 illos
1590 786 1668 851 qui
1694 787 1740 834 in
1766 786 2086 852 significativis
2120 786 2173 835 ὅτ
2206 787 2464 852 repraesen-

474 860 623 909 tativis
647 858 842 912 fuerunt,
881 871 970 902 non
996 854 1114 902 aliud
1154 853 1473 916 fignificabant
1509 868 1647 916 quam
1689 852 2001 902 initiationem
2046 853 2092 900 in
2122 869 2327 902 amorem
2354 869 2463 901 mu-

476 939 626 982 tuum,
661 923 737 987 qui
763 921 1028 976 charitatis3
1065 921 1114 967 δε
1139 920 1351 968 convivia
1376 918 1600 984 nuptialia
1642 917 1950 969 initiationem
1986 921 2032 968 in
2064 934 2272 967 amorem
2297 917 2462 981 conju-

474 987 664 1053 gialem,
695 989 743 1035 &
769 987 977 1036 convivia
1002 987 1150 1034 sancta
1175 986 1481 1034 initiationem
1508 984 1555 1032 in
1580 1000 1784 1033 amorem
1808 986 2111 1049 Spiritualem-
2131 986 2180 1038 δε
2205 984 2465 1042 coelestem,

475 1058 525 1104 ὅτ
553 1060 636 1105 hoc
662 1053 878 1109 excausa,
915 1053 1022 1118 quia
1048 1069 1129 1116 per
1167 1051 1411 1100 convivari
1452 1050 1526 1098 seu
1564 1051 1810 1099 comedere
1850 1052 1901 1098 δε
1936 1050 2464 1113 bibere‘fignificabatur.

473 1121 786 1187 appropriatio
811 1119 859 1166 &
884 1118 1170 1183 conjunctio,
1207 1130 1254 1165 ut·
1281 1134 1306 1164 n
1337 1137 1347 1166 :
1377 1133 1506 1180 3134
1548 1116 1778 1165 ostensum
1819 1118 1914 1173 est;
1951 1117 2059 1181 quia
2098 1117 2199 1164 haec
2224 1116 2458 1179 fignifica-

475 1190 655 1243 bantur,
693 1188 831 1234 etiam
856 1186 1088 1232 Dominus
1126 1185 1170 1230 in
1211 1184 1289 1231 tali
1325 1182 1454 1231 sensu
1476 1182 1597 1230 dixit
1633 1190 1667 1212 ‘⁶
1704 1184 1846 1249 Qod
1873 1183 2006 1232 multi
2038 1183 2098 1231 ab
2121 1182 2296 1229 oriente
2321 1180 2468 1246 usque·

475 1255 523 1300 δε
563 1254 800 1301 occidente
836 1252 1039 1308 venient,
1078 1250 1128 1297 &
1168 1250 1408 1297 accumbent
1445 1264 1551 1296 curn
1593 1249 1880 1306 Abrahamo‚
1921 1249 2048 1298 Isaeo
2086 1248 2137 1296 ὅτ
2164 1248 2362 1309 Jac0b0,
2407 1247 2458 1295 in

474 1321 645 1381 Regno
669 1317 933 1365 coelorum'’
974 1318 1130 1365 Matth
1158 1334 1168 1362 ε
1194 1333 1291 1364 vni
1323 1333 1334 1363 t
1366 1331 1417 1363 11
1451 1332 1461 1362 :
1498 1315 1549 1362 δε
1588 1315 1701 1364 alibi
1736 1315 1792 1362 ad
1818 1314 2068 1381 discipulos
2106 1322 2142 1345 “
2175 1316 2238 1364 Ut
2269 1313 2466 1362 comeda*

476 1389 533 1432 tis
560 1386 615 1434 ὅ
640 1386 799 1432 bibatis
823 1385 952 1447 super
997 1385 1132 1443 mensa
1171 1398 1262 1430 mea
1303 1382 1349 1429 in
1394 1382 1567 1444 Regno
1608 1382 1759 1429 meo”
1791 1381 1893 1431 Luc
1923 1399 1934 1429 ε
1961 1398 2066 1430 xxii
2095 1396 2106 1428 t
2133 1397 2196 1444 30
2217 1399 2239 1430 :-
2264 1378 2316 1426 δε
2353 1395 2470 1429 eum¹

478 1451 669 1498 instituit
689 1451 898 1497 Sanctam
927 1450 1141 1505 Coenam,
1165 1448 1286 1496 dixit
1311 1454 1345 1477 “
1373 1447 1493 1495 Dico
1511 1447 1644 1496 vobis
1669 1447 1793 1512 quod
1820 1464 1911 1496 non
1936 1447 2157 1496 bibiturus
2182 1445 2265 1494 sim
2290 1462 2316 1493 a
2340 1461 2461 1494 nunc

475 1534 531 1564 ex
556 1518 641 1563 hoc
665 1515 902 1579 genimine
929 1515 1038 1561 vitis
1064 1513 1197 1578 usque
1219 1514 1276 1561 ad
1299 1513 1427 1562 diem
1455 1513 1603 1570 illum,
1641 1512 1807 1578 quando
1836 1515 1886 1563 id
1910 1514 2052 1562 bibero
2076 1514 2283 1577 vobiscum
2304 1527 2485 1579 novum.¹

476 1586 519 1629 in
543 1585 692 1644 Regno
718 1583 870 1628 Patris
895 1584 1027 1628 mei⁵⁹
1064 1580 1224 1628 Matth
1254 1594 1400 1627 :xxvi
1431 1596 1443 1626 :
1473 1594 1571 1642 29³
1606 1579 1795 1643 quisque
1836 1580 1991 1628 videre
2026 1580 2195 1643 potest,
2231 1579 2354 1642 quod
2380 1594 2466 1643 per..

476 1649 760 1703 accumbere,
806 1645 1066 1702 comedere,
1124 1644 1174 1690 &
1207 1645 1365 1691 bibere
1403 1644 1448 1690 in
1485 1645 1657 1706 Regno
1679 1645 1896 1701 Domini,
1934 1661 2026 1692 non
2064 1644 2343 1705 significetur
2383 1658 2467 1689 ac·-

477 1714 714 1768 cumbere,
742 1711 1003 1765 comedere,
1039 1712 1089 1758 ὅτ
1124 1710 1306 1766 bibere,
1330 1708 1422 1755 ‘sed
1459 1709 1585 1772 quod
1620 1709 1707 1756 tale
1745 1710 1871 1771 quod
1906 1710 1966 1756 ibi
2003 1708 2085 1766 est,
2124 1725 2290 1772 nempe
2329 1707 2472 1771 qu0d=

478 1778 807 1842 appropriatio>
829 1776 938 1823 boni
965 1775 1130 1822 amoris
1151 1775 1201 1820 &
1236 1773 1334 1821 veri
1370 1774 1477 1822 fidei
1513 1789 1597 1837 per
1634 1774 1711 1822 illa
1743 1774 2039 1837 intelligatur,
2078 1776 2140 1823 ita
2175 1773 2300 1837 quod
2316 1773 2470 1830 ·illud‚.

478 1845 597 1906 quod
619 1844 746 1890 cibus
767 1841 1008 1904 spiritualis
1030 1842 1079 1888 &
1097 1841 1228 1888 cibus
1247 1839 1442 1889 coelestis
1460 1852 1649 1888 vocatur
1669 1862 1684 1895 ·,
1711 1839 1951 1888 manifeste
1973 1855 2152 1903 quoque
2171 1854 2232 1885 ex
2249 1839 2340 1886 illis
2353 1854 2479 1886 vere--

477 1910 546 1956 bis
572 1922 715 1973 patet,
751 1907 878 1972 quod
903 1905 1052 1955 sensus
1085 1910 1284 1956 internus
1326 1905 1437 1961 illis,
1473 1921 1578 1969 quae
1614 1905 1849 1953 Dominus
1882 1906 2095 1969 loquutus
2127 1903 2213 1960 est,
2251 1903 2370 1960 infit,
2406 1905 2470 1953 δε.

477 1976 604 2037 quod
628 1974 791 2037 absque
817 1973 1050 2021 intellectu
1074 1972 1168 2035 ejus
1207 1987 1299 2019 non
1325 1969 1430 2017 sciri
1456 1972 1604 2035 possit,
1641 1970 1755 2034 quid
1781 1971 1835 2018 fit-
1868 1986 1973 2019 cum
1997 1970 2306 2026 Abrahamo,
2330 1969 2476 2018 lsaco.

478 2041 528 2087 δι’
552 2041 727 2101 Jacobo
751 2039 1039 2094 accumbere,
1077 2039 1210 2101 super
1251 2035 1406 2084 mensa
1444 2038 1490 2084 in
1517 2038 1685 2100 Regno
1710 2036 1907 2085 Domini
1933 2036 2178 2084 comedere
2201 2036 2253 2087 &
2280 2035 2468 2093 bibere„

476 2109 524 2153 &
549 2123 602 2153 ex
626 2107 859 2169 genimine
885 2105 1004 2151 illius
1028 2104 1132 2151 vitis
1169 2119 1274 2150 cum
1309 2102 1397 2149 illis
1435 2102 1591 2149 bibere
1615 2103 1661 2149 in
1688 2103 1859 2166 Regno
1883 2102 2064 2158 Patris3
2100 2102 2200 2150 imo
2237 2118 2319 2150 nec
2360 2101 2478 2152 sciri,

475 2173 626 2234 poffit,
663 2171 776 2235 quid
811 2186 895 2234 per
937 2167 1182 2219 ccmedere
1219 2183 1389 2233 panem
1421 2169 1470 2219 &
1506 2169 1662 2217 bibere
1686 2169 1857 2217 vinum
1877 2169 1924 2216 in
1952 2168 2116 2234 Sancta
2140 2169 2292 2217 Coena
2325 2168 2461 2216 intel·

479 2239 662 2299 ligatur.
1417 2292 1431 2303 .
1812 2287 1815 2289 ⁴
2191 2284 2196 2289 ,
2297 2237 2300 2239 ’
2461 2268 2479 2275 --

543 2308 637 2366 383
645 2320 686 2364 3.
723 2301 787 2350 Et
811 2301 895 2352 fuit
916 2302 962 2349 in
982 2301 1184 2366 vespera,
1201 2301 1325 2367 quod
1349 2300 1572 2364 significet
1590 2301 1754 2349 statum
1777 2299 1928 2350 adhuc
1951 2300 2214 2358 obscurum,
2240 2300 2472 2353 constrata*-

484 2368 810 2431 significatione
834 2367 1049 2431 vesperae,
1083 2369 1209 2431 quod
1228 2369 1279 2416 s1t
1304 2367 1442 2417 status
1461 2367 1703 2425 obscurus,
1718 2367 1775 2414 de
1796 2383 1886 2431 qua
1908 2383 1964 2416 n:
1994 2369 2149 2432 305623
2180 2367 2476 2422 ,etiamcon-

478 2435 616 2490 vivia,
653 2449 757 2498 quae
783 2434 825 2481 in
854 2433 1040 2498 vespera
1075 2435 1261 2491 fiebant,
1296 2435 1370 2481 seu
1393 2450 1565 2491 coenae,
1603 2449 1688 2481 nec
1719 2434 1847 2482 aliud
1871 2434 1994 2499 apud
2020 2434 2278 2498 Antiquos,
2310 2433 2389 2498 qui
2413 2433 2476 2481 in,

477 2501 710 2548 ritualibus
735 2500 950 2562 congruis
977 2499 1176 2556 fuerunt,
1213 2499 1544 2562 significabant,
1580 2515 1719 2563 quam
1746 2501 1908 2548 statum
1932 2499 2316 2565 initiationi-slqui
2341 2499 2475 2562 prae·

476 2565 598 2613 cedit
621 2565 1011 2629 conjunctionem,
1045 2566 1125 2628 qui
1152 2565 1288 2612 status
1311 2565 1374 2611 est
1396 2565 1605 2613 obscurus
1629 2564 1876 2628 respective
1902 2566 1961 2629 ad
1983 2566 2147 2625 statum
2173 2565 2463 2629 conjunciio·

478 2631 578 2685 nis,
614 2648 717 2678 cum
747 2631 871 2678 enim
899 2631 1100 2682 initiatur
1137 2631 1279 2677 homo
1317 2630 1363 2676 in
1398 2646 1559 2677 verum
1597 2629 1782 2677 &inde
1823 2631 1869 2678 in
1894 2631 2091 2688 bonum,
2125 2630 2198 2680 est.
2231 2632 2272 2679 ei
2304 2646 2474 2686 omne,

478 2697 599 2759 quod
631 2709 734 2744 tunc
771 2696 919 2754 discit,
956 2697 1212 2751 obscurum,
1248 2708 1294 2743 at
1315 2711 1419 2742 curn
1446 2694 1741 2758 conjungitur
1774 2696 1817 2744 ei
1862 2697 2039 2745 bonum
2082 2698 2132 2745 &
2160 2696 2478 2758 indespectan

478 2779 652 2819 verum,
689 2777 792 2809 tunc
819 2763 870 2810 fit
893 2763 934 2809 ei
960 2763 1160 2820 clarum,
1190 2762 1239 2808 &¹
1264 2761 1352 2807 hoc
1378 2760 1612 2808 succeffive
1635 2762 1784 2824 magis
1807 2762 1857 2809 δι
1882 2763 2045 2825 magis,
2080 2778 2174 2809 non
2199 2761 2324 2808 enirn
2353 2767 2462 2807 tunc

476 2828 669 2890 amplius
705 2828 751 2873 in
783 2828 926 2874 dubio
961 2827 1045 2884 est,
1084 2844 1196 2875 num
1222 2827 1300 2884 fit,
1325 2840 1402 2873 aut
1427 2842 1536 2874 num
1565 2828 1627 2874 ita
1651 2826 1720 2883 fit,
1747 2826 1824 2873 sed
1849 2827 1982 2874 novit
2004 2827 2126 2889 quod
2151 2825 2221 2883 fit,
2258 2824 2307 2872 &
2333 2825 2463 2889 quod

479 2894 540 2938 ita
564 2893 646 2945 lit·,
683 2909 783 2940 cum
810 2895 953 2941 homo
977 2895 1023 2941 in
1052 2894 1140 2941 hoc
1171 2893 1287 2941 statu
1322 2891 1412 2949 est,
1441 2904 1547 2939 tunc
1587 2892 1940 2947 innumerabilia
1983 2891 2096 2938 scire
2133 2891 2311 2954 incipit,
2351 2907 2471 2956 pro·-

476 2958 606 3006 cedet
628 2958 753 3005 enim
777 2972 881 3020 tunc
905 2977 929 3006 a
953 2961 1077 3008 bono
1101 2959 1151 3010 δί
1175 2974 1301 3015 vero,
1323 2973 1441 3022 ,quae
1479 2957 1627 3004 credit
1665 2958 1715 3006 &
1756 2956 1975 3023 percipit,
2010 2957 2133 3020 quali
2171 2974 2198 3005 a
2219 2971 2378 3014 centro
2399 2957 2463 3005 ad

477 3023 774 3087 peripheriaS,
795 3024 1077 3088 &quantum
1093 3025 1333 3090 procedit„
1347 3036 1525 3081 Ata-ntum
1549 3022 1626 3070 illa
1648 3038 1754 3088 quae
1775 3023 2072 3071 circumcirca
2090 3023 2208 3081 sunt,
2238 3023 2468 3079 videt,'&.

476 3090 708 3136 succefiive
726 3090 873 3136 adhuc
895 3092 1130 3147 extensius,
1167 3091 1385 3139 continue
1407 3090 1534 3137 enim
1554 3093 1776 3137 terminos
1799 3089 1953 3136 educit
1973 3090 2021 3138 ὅτ
2046 3090 2206 3138 dilatat
2222 3088 2322 3145 3³&
2342 3104 2461 3153 quo·

475 3171 560 3219 que
584 3155 691 3205 dein
717 3171 743 3202 a
765 3155 924 3220 quavis
947 3172 995 3206 re
1020 3158 1065 3205 in
1091 3157 1240 3223 spatio
1267 3156 1386 3206 intra
1403 3155 1625 3207 terminos
1651 3155 1855 3214 inchoat,
1890 3154 1942 3204 &
1984 3156 2094 3206 inde
2134 3169 2185 3205 ut
2226 3171 2283 3204 ex
2323 3154 2460 3227 novis

1461 3240 1485 3284 5
1657 3266 1660 3271 .
2295 3229 2467 3268 centris
