2904 3750
874 186 1202 251 CAPUT
1264 179 1900 249 TRIGESIMUM.
2254 179 2389 265 633

413 311 668 364 affectioniS
691 310 822 361 ardor
842 313 892 360 &
915 311 1118 367 effectus,
1154 311 1210 360 de
1246 326 1335 376 qua
1372 310 1498 374 supra
1532 326 1594 356 n:
1619 313 1765 368 4018.
1792 325 1956 372 4019;
2004 324 2037 362 a,
2070 303 2396 375 significatione

418 378 589 445 gregis,
625 377 751 443 quod
777 375 830 424 fit
873 393 1031 424 verum
1072 379 1121 425 &
1146 379 1339 433 bonum,
1375 377 1433 422 de
1466 391 1554 438 qua
1593 376 1731 422 etiam
1772 375 1932 437 supra;
1985 375 2034 420 &
2077 389 2133 419 ex
2171 375 2396 435 fignifica-

417 448 543 492 t'ione
566 445 770 507 primum
794 443 1075 499 coeuntium,
1109 442 1234 506 quod
1259 442 1346 488 fint
1370 441 1638 504 spontanea:
1674 439 1802 504 quod
1842 439 2043 502 primurn
2067 455 2279 487 coeuntes
2314 440 2398 487 lint

409 510 674 574 spontanea,
709 524 764 556 ex
784 524 906 555 nexu
931 524 1079 556 rerum
1115 509 1160 554 in
1185 507 1308 553 sensu
1332 507 1511 553 interno
1533 519 1672 569 patet,
1710 518 1810 552 tum
1847 521 1904 551 ex
1941 521 1995 552 eo
2018 506 2143 569 quod
2176 506 2397 569 quicquid

413 575 480 622 est
501 592 560 624 ex
583 575 840 630 affectione,
873 573 939 621 est
971 573 1290 636 spontaneum,
1339 571 1390 618 ὅτ
1431 570 1631 618 maxime
1669 570 1795 633 quod
1841 586 1900 617 ex
1938 570 2189 620 affectionis
2220 572 2398 627 ardore,

409 639 491 704 qui
536 657 617 704 per
658 639 916 687 incalescere
936 638 1232 699 significatur,
1266 652 1404 700 quare
1434 637 1482 683 in
1516 636 1605 684 hoc
1634 637 1774 684 Versu
1814 635 2074 683 incalescere
2110 636 2176 683 bis
2207 637 2395 690 dicitur;

406 719 465 754 ut
488 707 535 753 δι
562 722 620 753 ex
642 704 921 752 derivatione
944 706 1070 750 vocis
1096 703 1211 752 illius
1235 703 1281 750 in
1307 703 1495 764 Lingua
1517 701 1743 765 originali,
1776 702 1908 764 quod
1930 702 1985 749 fit
2005 699 2278 765 conjunctio,
2313 719 2396 767 per

411 772 631 819 intimum
656 771 838 826 amoris,
878 770 927 816 &
950 769 1007 815 de
1030 768 1350 831 conjunctione
1371 768 1463 815 veri
1487 768 1537 814 &
1562 767 1668 814 boni
1693 769 1740 815 in
1764 766 1974 815 Naturali
1997 766 2071 813 hic
2084 769 2253 828 agitur,
2287 784 2394 832 quae

405 852 504 884 non
530 837 610 883 nifi
633 851 772 899 quam
800 851 878 898 per
911 834 1226 897 spontaneum,
1265 834 1355 881 hoc
1392 845 1444 880 ut
1481 833 1526 879 in
1564 833 1707 880 libero
1729 834 1820 886 fit;
1859 832 1966 879 inde
2000 833 2202 880 constare
2222 833 2391 896 potest,

405 902 535 967 quod
561 901 606 948 in
630 901 760 949 omni
785 900 1042 948 incalescere
1063 899 1214 963 gregis
1236 900 1442 963 primum
1465 899 1757 962 coeuntium,
1783 900 1857 944 seu
1891 898 1938 945 in
1959 900 2090 945 omni
2133 898 2394 946 incalescen-

411 971 475 1015 tia
508 967 714 1030 primum
753 965 1019 1014 coeuntium
1057 981 1116 1011 ex
1145 979 1301 1027 grege,
1353 965 1574 1027 significet
1609 979 1716 1011 vera
1753 964 1804 1011 δε
1838 963 1973 1019 bona,
2006 979 2116 1026 quae
2154 964 2395 1027 spontanea

408 1033 485 1081 seu
508 1047 566 1078 ex
588 1031 730 1081 libero
754 1030 872 1085 sunt,
907 1030 980 1077 seu
1005 1030 1131 1094 quod
1157 1030 1299 1086 idem,
1322 1045 1428 1092 quae
1451 1045 1508 1076 ex
1531 1029 1711 1076 summa
1732 1028 1970 1077 affectione
1989 1050 2003 1084 ς
2036 1030 2162 1093 quod
2183 1045 2320 1078 omne
2343 1030 2392 1077 id

401 1097 534 1162 quod
559 1096 624 1144 est
646 1098 810 1143 amoris
833 1095 906 1143 seu
929 1095 1200 1152 affectionis,
1235 1096 1290 1143 fit
1325 1096 1539 1152 liberum,
1573 1095 1782 1142 videatur
1811 1110 1868 1141 n:
1896 1098 2055 1157 2870:
2085 1096 2215 1159 quod
2234 1097 2392 1144 omnis

401 1162 669 1226 conjunctio
692 1162 784 1210 veri
810 1162 860 1209 &
884 1162 992 1209 boni
1017 1162 1098 1209 fiat
1121 1162 1167 1209 in
1191 1161 1351 1217 libero,
1386 1161 1437 1208 δε
1454 1160 1583 1224 quod
1609 1161 1733 1208 nulla
1757 1159 2024 1223 conjunctio
2046 1160 2094 1208 in
2117 1161 2292 1218 coacto,
2327 1178 2355 1208 n
2374 1178 2389 1208 t

408 1231 554 1292 2875.
578 1244 603 1291 3
617 1245 721 1289 ¹45-
744 1227 889 1292 3146.
915 1245 940 1291 3
955 1230 1066 1289 ¹58³
1090 1227 1196 1275 inde
1220 1226 1347 1292 quod
1369 1229 1521 1275 omnis
1543 1226 1808 1277 reformatio
1830 1226 1880 1273 &
1904 1229 2184 1288 regeneratio
2206 1228 2287 1274 fiat
2309 1242 2392 1290 per

401 1294 622 1350 iliberum,
657 1310 716 1342 n:
750 1309 891 1357 1937.
923 1307 1066 1358 1947.
1094 1293 1238 1357 2876.
1265 1295 1414 1342 2881.
1441 1296 1591 1357 2877.
1618 1293 1765 1356 2878.
1795 1295 1938 1357 2879.
1967 1295 2128 1349 2880;
2162 1293 2293 1357 fiper
2314 1308 2393 1341 co·

398 1360 560 1408 actum
583 1359 678 1407 fieri
705 1360 867 1424 p‘ofl‘et,
903 1363 1029 1423 quod
1048 1374 1209 1407 omnes
1232 1358 1519 1415 salvarentur,
1555 1375 1613 1408 n:
1641 1361 1787 1408 2881.

470 1442 619 1488 4030.
654 1425 719 1473 Et
742 1425 892 1489 posuit
916 1425 1064 1488 Jacob
1087 1425 1264 1473 baculos
1286 1424 1342 1472 ad
1377 1424 1536 1474 oculos
1561 1425 1715 1488 gregis
1737 1424 1783 1472 in
1801 1423 2058 1472 canaliculis
2077 1423 2133 1472 ad
2153 1424 2390 1473 incalesen-

386 1491 518 1540 'dum
540 1492 670 1539 illum
689 1492 747 1539 ad
784 1492 982 1547 baculos,
1032 1491 1162 1555 quod
1201 1489 1422 1555 significet
1450 1506 1509 1538 ex
1542 1488 1723 1554 propria
1756 1491 1960 1555 potentia
1992 1503 2180 1538 evocata
2213 1494 2390 1540 &con-

392 1557 570 1622 junfta,
604 1557 774 1606 constat
795 1573 853 1604 ex
876 1557 1202 1618 significatione
1224 1556 1508 1612 baculorum,
1543 1556 1669 1620 quod
1693 1556 1748 1603 fit
1778 1557 2001 1620 potent-ia,
2036 1557 2087 1604 δε
2124 1572 2229 1605 cum
2270 1572 2390 1620 prae·

392 1623 574 1672 dicatur
595 1623 652 1671 de
674 1623 884 1670 Domino
899 1623 1034 1687 quod
1052 1623 1114 1670 fit
1135 1622 1318 1686 propria
1340 1620 1560 1686 potentia,
1594 1621 1652 1669 de
1675 1637 1764 1685 qua
1799 1638 1826 1668 n
1842 1638 1859 1667 τ
1883 1637 1976 1682 40¹
1989 1639 2032 1685 3.
2056 1638 2220 1684 40153
2255 1624 2305 1670 δε
2327 1638 2387 1670 ex

399 1689 729 1752 significatione
747 1703 920 1751 ponere
941 1688 999 1735 ad
1019 1688 1174 1736 oculos
1197 1687 1243 1735 in
1265 1687 1520 1743 canaliculis
1549 1687 1605 1734 ad
1631 1686 2006 1743 incalescendum,
2041 1689 2167 1750 quod
2199 1688 2253 1735 fit
2274 1702 2388 1736 evo-

396 1753 498 1802 care
531 1766 583 1802 ut
614 1752 1012 1817 conjungerentur,
1050 1764 1104 1801 ut
1135 1764 1260 1818 patet
1296 1753 1354 1800 ab
1390 1753 1480 1800 illis
1521 1768 1630 1817 quae
1673 1751 1805 1816 supra
1840 1768 1898 1799 n:
1931 1757 2062 1812 4018
2099 1753 2150 1800 &
2182 1753 2287 1802 alibi
2325 1754 2386 1802 de

390 1819 725 1882 fignificatione
755 1833 906 1864 earum
944 1833 1116 1865 vocum
1149 1817 1271 1864 dieta
1309 1817 1426 1864 sunt.

466 1900 561 1946 403
575 1901 617 1932 x.
653 1883 718 1930 Et
739 1882 795 1930 ad
818 1882 925 1929 dein
949 1882 1068 1930 coire
1091 1896 1284 1946 gregem
1307 1897 1400 1930 non
1425 1881 1594 1946 posuit,
1625 1881 1756 1947 quod
1778 1882 2004 1946 significet
2017 1884 2189 1941 coacta,
2212 1884 2385 1933 constat

392 1965 462 1999 ex
487 1949 816 2014 significatione
838 1947 943 1995 dein
960 1948 1105 2003 coire3
1129 1948 1256 2012 quod
1281 1948 1487 2012 primum
1508 1947 1629 1996 coire
1657 1947 1709 1996 fit
1731 1948 2044 2012 spontaneum,
2067 1950 2144 1999 seu
2169 1951 2384 2007 liberum,

388 2017 530 2081 ‘supra
553 2032 611 2062 n:
635 2030 785 2080 4029,
819 2013 1049 2061 ostensum
1072 2013 1137 2061 est
1157 2034 1174 2069 ·,
1206 2013 1339 2078 quod
1362 2013 1467 2062 dein
1486 2014 1607 2062 coire
1628 2014 1683 2063 fit
1704 2015 1918 2062 coactum
1942 2016 2016 2063 seu
2052 2032 2145 2064 non
2167 2017 2382 2074 liberum,

397 2081 526 2139 inde,
560 2082 610 2130 δε
634 2095 823 2145 quoque
845 2096 873 2128 a
897 2095 1017 2128 nexu
1039 2095 1189 2128 rerum
1214 2080 1260 2127 in
1284 2078 1410 2128 sensu
1433 2079 1612 2127 interno
1634 2091 1786 2144 patet:
1827 2094 1879 2130 ut
1900 2083 1951 2129 δε
1973 2097 2032 2129 ex
2053 2097 2126 2139 eo,
2160 2082 2288 2146 quod
2308 2083 2383 2130 hic

387 2164 492 2196 ‘non
513 2147 789 2203 incalescere,
809 2157 863 2194 ut
877 2145 934 2193 de
954 2147 1161 2210 primum
1178 2145 1667 2202 coeuntibus,dicatur,
1686 2161 1765 2209 per
1783 2146 2044 2196 incalescere
2066 2150 2189 2198 enim
2207 2149 2381 2211 fignifi-

392 2227 522 2262 catur
542 2212 740 2269 affectio,
765 2214 816 2261 &
840 2211 903 2260 ibi
925 2211 1179 2260 affectionis
1200 2212 1333 2261 ardor
1350 2212 1662 2276 quodcunque
1683 2227 1774 2260 non
1799 2213 1863 2260 est
1881 2228 1940 2260 ex
1953 2212 2214 2269 affectione,
2239 2214 2304 2261 est
2321 2229 2380 2261 ex

394 2296 491 2329 non
514 2282 762 2343 spontaneo
785 2278 862 2325 seu
886 2293 978 2325 non
1001 2278 1162 2336 libero,
1198 2293 1304 2326 nam
1327 2293 1465 2325 omne
1487 2278 1788 2342 spontaneum
1823 2277 1899 2325 seu
1923 2278 2122 2327 liberum
2161 2279 2224 2326 est
2244 2279 2380 2327 affec·

388 2342 534 2394 tionis
569 2343 646 2392 seu
668 2344 855 2399 amoriS,
892 2359 950 2391 n:
978 2347 1106 2405 2870
1127 2363 1142 2398 3
1179 2357 1303 2407 patet
1344 2359 1533 2416 quoque
1571 2359 1629 2391 ex
1664 2343 1946 2391 derivatione
1988 2344 2113 2392 vocis
2152 2343 2286 2409 hujus
2330 2348 2378 2393 in

376 2411 579 2474 ‘Lingua
613 2409 842 2471 originali,
877 2409 1006 2475 quod
1046 2409 1100 2457 fit
1135 2409 1408 2466 deficientia,
1442 2425 1550 2458 cum
1587 2409 1711 2458 enim
1734 2408 1892 2457 deficit
1929 2409 2186 2459 affec'tionis
2224 2411 2376 2469 ardor,

387 2490 502 2526 tunc
523 2475 655 2524 ceffat
677 2475 890 2532 liberum,
925 2476 975 2523 &
997 2474 1123 2538 quod
1141 2488 1247 2523 tunc
1269 2476 1340 2532 fit,
1377 2476 1547 2524 dicitur
1576 2491 1667 2522 non
1697 2475 1909 2532 liberum,
1944 2477 1996 2524 &
2034 2477 2222 2526 tandem
2249 2493 2377 2525 coac-

393 2555 514 2593 tum.
585 2540 727 2605 Qiod
752 2541 904 2589 omnis
926 2540 1190 2605 conjunctio
1212 2544 1308 2601 veri
1331 2543 1381 2590 δε
1403 2542 1514 2590 boni
1538 2542 1615 2590 fiat
1638 2541 1684 2589 in
1710 2542 1881 2603 Libero
1911 2542 1986 2590 seu
2010 2560 2068 2591 ex
2091 2544 2374 2607 Spontaneo,

386 2607 587 2672 proinde
611 2608 762 2662 omnis
785 2605 1046 2655 reformatio
1069 2608 1119 2656 δι
1144 2608 1440 2672 regeneratio,
1476 2623 1534 2656 ex
1554 2607 1661 2656 locis
1678 2607 1809 2672 supra
1834 2625 1886 2656 n:
1911 2625 2043 2673 4029
2078 2610 2242 2667 citatis,
2261 2626 2375 2658 ›con-

385 2674 505 2722 stare
526 2673 688 2738 potest,
722 2672 1046 2738 consequenter
1066 2675 1196 2738 quod
1236 2675 1281 2722 in
1322 2690 1414 2722 non
1438 2674 1597 2731 libero,
1633 2673 1710 2721 seu
1751 2690 1833 2738 per
1854 2674 2082 2730 coactum,
2117 2676 2243 2723 nulia
2266 2691 2373 2724 con-

364 2738 563 2803 junctio
585 2739 648 2787 ita
672 2739 794 2786 nulla
829 2741 1108 2802 regeneratio
1131 2739 1227 2788 fieri
1251 2742 1399 2805 poffit,
1435 2741 1547 2803 quid
1571 2739 1783 2796 liberum,
1821 2741 1872 2787 δε
1910 2741 2031 2787 unde
2053 2741 2268 2798 liberum,
2302 2742 2371 2789 vi-

363 2805 549 2853 'deatur
571 2820 631 2852 n:
659 2808 787 2867 2870
821 2805 877 2852 ad
904 2810 1052 2868 2893,
1088 2805 1167 2852 ubi
1201 2806 1259 2853 de
1285 2806 1457 2854 Libero
1493 2804 1694 2854 hominis
1732 2806 1887 2853 ac'tum
1910 2806 2004 2853 est:
2045 2808 2127 2870 qui
2161 2823 2254 2855 non
2290 2823 2371 2855 no·

389 2870 476 2929 vit,
500 2870 626 2932 quod
649 2870 770 2918 nulla
793 2869 1052 2933 conjunctio
1074 2870 1168 2918 veri
1192 2873 1242 2920 &
1266 2871 1392 2929 boni,
1419 2872 1507 2919 hoc
1528 2871 1610 2927 est,
1635 2870 1963 2934 appropriatio,
2002 2872 2063 2919 ita
2085 2873 2212 2936 quod
2250 2875 2370 2931 nulla

390 2935 670 2997 regeneratio
701 2935 798 2983 fieri
830 2938 966 3000 poflit
1000 2935 1081 2984 nisi
1104 2937 1150 2984 in
1176 2938 1317 2986 libero
1340 2937 1542 2984 hominis
1587 2937 1623 2983 is
1646 2937 1761 2984 dum
1801 2938 2086 2985 ratiocinatur
2119 2941 2177 2985 de
2211 2940 2371 2987 Provi-

379 2999 542 3048 -dentia
566 3000 780 3055 Domini,
813 3002 873 3047 de
896 3001 1141 3049 salvatione
1173 3001 1391 3059 hominiS,
1426 3003 1477 3050 δε
1500 3002 1557 3049 de
1576 3003 1779 3066 plurium
1803 3003 2106 3059 damnatione,
2144 3004 2188 3049 in
2225 3019 2368 3050 meras

381 3065 590 3125 umbras,
626 3066 675 3115 &
699 3063 804 3114 inde
828 3065 874 3114 in
892 3079 1055 3129 graves
1072 3082 1238 3138 errores
1261 3068 1303 3139 se
1322 3066 1540 3181 coffifiltf
1576 3079 1705 3132 putat
1720 3068 1863 3126 enim,
1899 3070 2043 3134 quod,
2080 3069 2110 3117 fi
2138 3070 2369 3164 Dominus

2032 3183 2035 3186 .
2237 3147 2365 3192 vent,
