2872 3730
523 210 528 212 ’
576 233 926 299 CAPUT
978 214 1540 295 VIGESIMUM
1590 195 2200 299 SECUNDUM
2321 256 2404 318 75

392 376 476 424 cut
500 386 535 420 a
538 367 616 438 st,
656 368 715 420 ee
739 366 904 419 bonum
927 365 1210 436 agerestcut
1232 366 1348 436 ast,
1387 367 1445 419 &2³
1467 364 1724 449 quodstqut
1747 384 1780 417 a
1802 363 1862 435 st·
1883 364 1944 434 2st
1981 365 2035 417 in
2060 365 2271 429 Liber05
2308 366 2402 434 nist

389 442 485 505 ita,
524 441 750 513 nusquam
773 440 939 512 aliqua
962 437 1244 501 reformatio
1280 459 1365 492 nec
1387 451 1702 510 regeneratio.

472 514 636 586 2878.
674 512 1047 567 Innumerabiles
1069 514 1223 586 causae
1229 513 1371 585 sunt,
1410 534 1469 567 ex
1492 513 1659 586 quibus
1682 514 1953 584 &propter
1969 531 2085 584 quas
2108 512 2233 564 homo
2257 523 2391 564 amat

388 589 566 661 discere
606 606 778 641 verum
821 587 880 641 &
923 587 1042 640 velle
1080 586 1262 652 bonum,
1283 588 1408 660 stmt
1445 589 1598 660 causae
1622 609 1646 641 e
1670 587 1837 641 mundo
1869 586 2247 659 quamplurimae,
2267 586 2391 655 fiant

388 681 560 736 quoque
593 680 619 714 e
661 673 851 734 corpore
894 662 1276 733 quamplurimae,
1315 663 1374 716 ὅ
1398 663 1668 736 quandoque
1691 675 1807 715 tunc
1850 681 1938 714 non
1961 672 2163 732 propter
2206 659 2387 722 coelum,

385 737 542 790 minus
559 746 760 807 propter
783 737 1049 790 Dominum
1068 763 1085 800 3
1123 737 1451 790 introducitur
1474 737 1600 790 homo
1624 735 1888 791 asDomino
1924 736 1978 788 in
2013 754 2184 787 verum
2227 734 2285 786 &
2307 732 2386 784 bo-

384 810 600 874 num·ita
614 822 710 882 per
733 809 1018 881 ffbiiones,
1057 812 1114 865 &³
1149 831 1269 865 unus
1308 811 1435 865 homo
1458 813 1654 884 prorstcs
1677 811 1844 870 aliter,
1857 829 1999 882 quam
2020 810 2162 873 alter,
2200 808 2388 879 quisque

367 883 631 956 ficundum
651 883 800 956 suam
838 885 1052 950 indolem,
1092 897 1342 940 connatam
1380 887 1438 940 δεῖ
1478 887 1773 959 acquffitam,
1811 886 1869 938 &
1910 884 2024 957 quia
2061 882 2389 936 introducitur

383 959 440 1014 in
463 978 634 1012 verum
659 960 717 1012 &²
742 958 908 1012 bonum
932 961 1150 1027 continue
1163 971 1259 1031 per
1282 959 1566 1032 tff‘ciiones,
1604 962 1681 1014 ita
1715 961 1931 1014 continue
1964 970 2058 1029 per
2083 957 2288 1019 Libera,
2328 956 2387 1008 &

384 1033 575 1086 tandem
618 1033 672 1086 in
708 1032 979 1104 affictiones
1019 1036 1133 1088 veri
1156 1035 1445 1107 Spiritualis
1482 1037 1541 1089 &²
1580 1035 1688 1088 boni
1709 1033 2009 1107 spiritualis,
2047 1043 2259 1103 tempora
2298 1029 2386 1083 illa

383 1108 445 1161 &²
456 1162 465 1168 ,
467 1107 631 1177 status
670 1108 771 1160 illos
795 1108 926 1160 Solus
950 1109 1191 1162 Dominus
1233 1111 1386 1174 novit,
1425 1111 1483 1163 &
1509 1111 1638 1163 Solus
1675 1111 1915 1180 applicate
1952 1106 2022 1160 ad
2056 1105 2265 1178 cujusvis
2284 1167 2286 1169 Ι
2295 1123 2386 1174 geu

383 1181 518 1234 nium
542 1182 600 1235 &²
623 1182 784 1236 vitam
809 1182 1011 1254 disponit
1035 1185 1092 1236 &³
1116 1183 1248 1255 regit
1265 1205 1282 1236 :
1321 1184 1432 1236 inde
1446 1195 1603 1255 patet,
1641 1203 1732 1237 cur
1754 1182 1932 1236 homini
1948 1180 2199 1234 Liberum.

465 1254 628 1326 2879.
654 1255 895 1309 Dominus
908 1267 1003 1328 per
1026 1257 1250 1310 intimam
1273 1257 1470 1312 hominis
1494 1258 1658 1331 influit
1682 1277 1788 1310 cum
1810 1257 1935 1319 bono,
1962 1257 2020 1308 Εὖ*
2045 1254 2118 1308 ibi
2141 1253 2387 1324 conjungit

384 1348 572 1393 verum,
589 1330 593 1333 ⁴
611 1329 664 1382 in
688 1329 859 1391 intimo
877 1331 975 1383 erit
1001 1330 1152 1384 radix
1176 1351 1333 1385 eorum
1348 1361 1368 1398 ,ς
1407 1334 1497 1397 nist
1509 1334 1635 1386 homo
1638 1333 1712 1401 fit
1736 1333 1790 1384 in
1814 1330 1994 1384 Libero
2012 1329 2216 1382 interius
2236 1326 2391 1400 quoad

384 1423 534 1456 omnes
557 1402 825 1473 affectiones
848 1405 907 1457 &
931 1405 1088 1477 quoad
1121 1425 1270 1459 omnes
1307 1408 1629 1479 cogitationes,
1666 1406 1891 1479 nusquam
1929 1404 2107 1477 disponi
2129 1402 2292 1475 potest,
2330 1412 2387 1454 ut

385 1477 552 1530 bonum
575 1479 634 1531 δέ
656 1497 827 1530 verum
851 1478 1064 1551 aliquam
1087 1479 1301 1534 radicem
1324 1493 1462 1552 agat.
2384 1498 2386 1501 ’

462 1551 628 1604 2880.
666 1551 822 1602 IVihil
850 1552 993 1603 aliud
1022 1564 1228 1623 apparet
1257 1555 1435 1606 homini
1477 1565 1533 1606 ut
1557 1554 1721 1624 ficum,
1743 1553 1852 1623 seu,
1891 1552 2012 1624 quod
2031 1552 2169 1614 idem,
2208 1561 2264 1602 ut
2288 1549 2387 1618 ejus

374 1623 648 1698 propriu'm,
701 1641 843 1695 quam
877 1624 1000 1695 quod
1017 1625 1147 1695 fluit
1181 1644 1239 1678 ex
1263 1626 1481 1691 Liber03
1535 1627 1678 1698 causa
1718 1626 1794 1696 cst,
1832 1627 1947 1697 quia
1991 1625 2136 1679 omnis
2178 1623 2385 1694 ffatim
2431 1657 2434 1660 -

382 1718 489 1772 quae
513 1697 573 1767 est
594 1697 787 1761 amoris,
826 1697 887 1769 est
927 1699 1137 1770 zpfiffi'ma
1179 1699 1278 1770 ejus
1320 1701 1452 1767 vita,
1492 1702 1550 1754 δέ’
1575 1721 1634 1753 ex
1658 1700 1904 1772 affectione
1926 1718 2071 1771 agere
2094 1698 2155 1767 est
2178 1718 2237 1750 ex
2256 1698 2386 1761 vita,

382 1774 465 1828 hoc
489 1771 566 1843 est,
605 1791 666 1825 ex
672 1772 842 1844 semet,
881 1773 958 1825 ita
981 1794 1015 1827 a
1019 1774 1128 1844 sim,
1149 1774 1260 1847 seu,
1298 1776 1422 1849 quod
1441 1775 1581 1839 idem,
1619 1795 1680 1829 ex
1693 1774 1894 1848 proprio
1914 1795 1932 1826 :
1972 1786 2027 1826 ut
2060 1774 2223 1846 itaque
2261 1771 2390 1825 homo

374 1847 633 1920 proprium
667 1847 838 1918 caeleste
873 1849 1104 1920 accipiat,
1141 1851 1278 1922 quale
1302 1852 1557 1923 proprium
1593 1851 1654 1920 est
1675 1850 1877 1921 Angelis
1918 1849 1972 1901 in
2016 1849 2142 1912 coelo,
2200 1857 2391 1900 tenetur

386 1923 513 1976 homo
538 1922 592 1973 in
617 1921 815 1985 Libero,
854 1923 912 1976 &³
927 1935 1023 1995 per
1046 1923 1285 1979 Liberum
1309 1927 1402 1991 ita,
1420 1928 1555 1994 ficut
1579 1926 1777 1990 dicium,
1814 1923 2156 1977 introducitur.
2203 1923 2391 1975 Notum

383 1996 544 2050 cuivis
565 1995 647 2068 effe
661 1996 825 2067 potest,
865 1998 989 2070 quod
1011 1998 1158 2052 colere
1182 2001 1447 2055 Dominum
1482 2021 1542 2054 ex
1567 2000 1766 2065 Libera,
1805 2010 2042 2071 appareat
2067 2010 2123 2051 ut
2147 2017 2179 2050 a
2198 1998 2272 2068 se,
2294 1996 2390 2066 seu

382 2089 445 2124 ex
454 2071 658 2142 proprio
677 2097 694 2134 3
731 2083 786 2123 at
812 2073 959 2125 colere
982 2093 1042 2125 ex
1066 2077 1239 2139 coacto,
1276 2075 1399 2149 quod
1397 2077 1472 2147 stt
1496 2095 1587 2129 non
1609 2096 1643 2129 a
1649 2076 1725 2147 se,
1738 2073 1833 2148 std
1852 2095 1884 2126 a
1909 2074 1967 2126 vi
1991 2072 2278 2145 extrinsecus
2297 2079 2389 2124 aut

383 2145 578 2211 aliunde
620 2145 693 2198 ad
730 2145 789 2198 id
809 2145 1100 2217 faciendum
1143 2149 1396 2221 adigente5
1434 2151 1512 2204 ita
1548 2150 1671 2224 quod
1691 2150 1858 2204 Cultus
1899 2168 1959 2202 ex
1982 2147 2163 2201 Libero
2193 2147 2257 2216 fit
2291 2145 2387 2217 ipse

385 2219 569 2287 Cultus,
608 2219 667 2273 Εἴ
686 2220 808 2291 quod
826 2223 979 2275 cultus
1001 2243 1061 2276 ex
1084 2226 1321 2296 coac't'ostt
1341 2225 1496 2278 nullus
1518 2226 1685 2279 cultus.

464 2293 569 2344 288
584 2312 627 2345 1.
667 2295 725 2346 Si
747 2295 1014 2364 reformari
1028 2298 1246 2369 potuiffet
1280 2299 1406 2352 homo
1430 2318 1491 2353 ex
1515 2303 1685 2363 coacto,
1726 2318 1815 2351 non
1837 2298 1981 2368 foret
2016 2297 2136 2348 ullus
2166 2296 2292 2347 homo
2330 2295 2385 2346 in

382 2364 620 2435 univetjb,
661 2367 865 2435 quinon
897 2370 1200 2433 salvaretur,
1239 2373 1368 2424 nihil
1387 2374 1512 2424 enim
1517 2373 1733 2442 facilius
1738 2372 1883 2442 foret
1906 2370 2117 2422 Domino
2141 2387 2284 2438 quam
2307 2386 2386 2419 co—

377 2457 498 2510 gere
540 2438 767 2490 hominem
809 2440 881 2492 ad
914 2441 1172 2494 timendum
1214 2445 1385 2515 Ipsum,
1424 2445 1495 2496 ad
1528 2445 1762 2510 colendum
1802 2444 1974 2514 Ipsum,
2013 2443 2104 2494 imo
2149 2441 2220 2494 ad
2256 2440 2393 2512 quasi

382 2511 642 2565 amandum
673 2511 844 2582 Ipsum,
897 2514 1054 2567 media
1080 2516 1205 2585 fitnt
1243 2517 1619 2571 innumerabilia
1638 2545 1654 2582 ;
1684 2517 1781 2590 sed
1815 2518 1932 2589 quia
1974 2515 2032 2568 id
2070 2515 2192 2587 quod
2213 2517 2288 2584 fit
2332 2515 2386 2566 in

382 2589 557 2654 coaeto,
595 2604 685 2650 non
708 2586 1032 2658 conjungitur,
1070 2591 1147 2641 ita
1193 2610 1282 2644 non
1325 2593 1690 2663 appropriatur,
1727 2591 1828 2644 ideo
1851 2611 1885 2643 a
1909 2591 2119 2644 Domino
2142 2588 2388 2660 longiffime

374 2660 525 2728 abest,
563 2671 619 2712 ut
643 2659 846 2732 aliquem
875 2674 1029 2733 cogat.
1105 2664 1349 2735 Qamdiu
1387 2666 1513 2719 homo
1552 2666 1612 2736 est
1650 2667 1703 2717 in
1727 2666 1923 2736 pugnis,
1945 2666 2037 2736 st’u
2061 2684 2179 2717 unus
2203 2664 2264 2716 ab
2284 2667 2387 2716 Ec-

386 2735 519 2806 clesia
534 2746 800 2805 pugnante,
838 2747 1042 2807 apparet
1047 2738 1179 2808 ficut
1203 2740 1444 2793 Dominus
1465 2751 1603 2811 cogat
1620 2739 1864 2806 hominem,
1905 2741 2045 2810 &stc
2068 2737 2190 2810 quod
2209 2739 2388 2791 nullum

386 2809 433 2860 ei
456 2809 710 2877 Liberum,
743 2822 933 2884 pugnat
957 2812 1080 2865 enim
1105 2825 1220 2866 tunc
1243 2815 1458 2868 continue
1481 2826 1650 2868 contra
1673 2834 1878 2867 amorem
1895 2815 1985 2885 fici
2010 2815 2067 2867 ὃ
2093 2813 2272 2876 mundi,
2312 2815 2389 2865 ita

384 2895 553 2936 contra
579 2882 815 2937 Liberum
840 2887 893 2937 in
918 2886 1040 2958 quod
1058 2899 1199 2940 natus
1234 2888 1294 2959 est
1332 2894 1390 2947 δέ’
1434 2890 1488 2941 in
1528 2889 1651 2962 quod
1686 2889 1917 2952 adolevit,
1956 2888 2065 2941 inde
2083 2889 2149 2959 ,⁶²st
2173 2889 2294 2960 quod
2313 2890 2390 2940 ita

327 2968 653 3028 *appaream
673 2957 771 3029 fid
790 2964 911 3031 quod
929 2961 983 3012 in
999 2963 1196 3032 pugnis,
1236 2963 1289 3015 in
1312 2963 1479 3035 quibus
1503 2964 1679 3027 vincit,
1701 2963 1896 3033 fortius
1916 2963 2151 3015 Liberum
2156 2965 2230 3034 sit
2249 2982 2390 3036 quam

387 3043 533 3084 extra
546 3044 754 3103 pugnas,
777 3034 874 3104 sed
902 3035 1128 3089 Liberum
1154 3057 1241 3090 non
1267 3058 1326 3091 ex
1348 3038 1460 3110 ipso,
1482 3038 1579 3110 sed
1600 3058 1634 3091 a
1656 3038 1885 3102 Domino,
1925 3039 1982 3091 &³³
2002 3039 2138 3111 usque
2157 3049 2391 3109 apparens

366 3103 501 3173 ficut
519 3106 672 3176 ipsius,
710 3108 943 3162 videatur
965 3129 998 3162 n
1015 3130 1035 3163 .-
1063 3131 1088 3165 7ι
1102 3129 1228 3185 937.
1263 3131 1283 3165 1
1297 3130 1420 3184 947.

1437 3187 1490 3239 K
1533 3205 1561 3239 2
1937 3206 1940 3207 ⁷
1976 3198 1981 3201 ’
2232 3182 2393 3235 2882.
