<?xml version="1.0" encoding="UTF-8"?>
<!DOCTYPE html PUBLIC "-//W3C//DTD XHTML 1.0 Transitional//EN"
    "http://www.w3.org/TR/xhtml1/DTD/xhtml1-transitional.dtd">
<html xmlns="http://www.w3.org/1999/xhtml" xml:lang="en" lang="en">
 <head>
  <title>
</title>
<meta http-equiv="Content-Type" content="text/html;charset=utf-8" />
  <meta name='ocr-system' content='tesseract 3.04.00' />
  <meta name='ocr-capabilities' content='ocr_page ocr_carea ocr_par ocr_line ocrx_word'/>
</head>
<body>
  <div class='ocr_page' id='page_1' title='image "arcanacaelestiaq03sweduoft_0513.png"; bbox 0 0 2904 3750; ppageno 0'>
   <div class='ocr_carea' id='block_1_1' title="bbox 634 248 2391 350">
    <p class='ocr_par' dir='ltr' id='par_1_1' title="bbox 634 248 2391 350">
     <span class='ocr_line' id='line_1_1' title="bbox 634 248 2391 350; baseline -0.003 -26"><span class='ocrx_word' id='word_1_1' title='bbox 634 345 647 350; x_wconf 35' lang='lat'>‚</span> <span class='ocrx_word' id='word_1_2' title='bbox 728 248 2095 324; x_wconf 62' lang='lat' dir='ltr'><strong>CAPUTfvl-GETSIM-UMJNONUM.</strong></span> <span class='ocrx_word' id='word_1_3' title='bbox 2258 275 2391 339; x_wconf 73' lang='lat'>509</span> 
     </span>
    </p>
   </div>
   <div class='ocr_carea' id='block_1_2' title="bbox 384 381 2402 3409">
    <p class='ocr_par' dir='ltr' id='par_1_2' title="bbox 384 381 2402 2899">
     <span class='ocr_line' id='line_1_2' title="bbox 384 381 2397 458; baseline -0.003 -17"><span class='ocrx_word' id='word_1_4' title='bbox 384 381 551 452; x_wconf 64' lang='lat' dir='ltr'>carne,</span> <span class='ocrx_word' id='word_1_5' title='bbox 585 390 664 440; x_wconf 88' lang='lat' dir='ltr'>sed</span> <span class='ocrx_word' id='word_1_6' title='bbox 702 406 761 440; x_wconf 87' lang='lat' dir='ltr'>ex</span> <span class='ocrx_word' id='word_1_7' title='bbox 795 393 963 441; x_wconf 89' lang='lat' dir='ltr'>talibus</span> <span class='ocrx_word' id='word_1_8' title='bbox 997 408 1102 458; x_wconf 83' lang='lat' dir='ltr'>quae</span> <span class='ocrx_word' id='word_1_9' title='bbox 1139 391 1228 439; x_wconf 85' lang='lat' dir='ltr'>illis</span> <span class='ocrx_word' id='word_1_10' title='bbox 1267 387 1641 452; x_wconf 83' lang='lat' dir='ltr'>correspondent,</span> <span class='ocrx_word' id='word_1_11' title='bbox 1676 385 1887 433; x_wconf 85' lang='lat' dir='ltr'>videatur</span> <span class='ocrx_word' id='word_1_12' title='bbox 1924 401 1991 433; x_wconf 86' lang='lat' dir='ltr'>n:</span> <span class='ocrx_word' id='word_1_13' title='bbox 2024 385 2169 451; x_wconf 83' lang='lat'>3726.</span> <span class='ocrx_word' id='word_1_14' title='bbox 2242 385 2397 454; x_wconf 82' lang='lat' dir='ltr'>Qod-</span> 
     </span>
     <span class='ocr_line' id='line_1_3' title="bbox 401 451 2388 523; baseline -0.003 -17"><span class='ocrx_word' id='word_1_15' title='bbox 401 458 525 506; x_wconf 88' lang='lat' dir='ltr'>Caro</span> <span class='ocrx_word' id='word_1_16' title='bbox 561 459 606 506; x_wconf 88' lang='lat' dir='ltr'>in</span> <span class='ocrx_word' id='word_1_17' title='bbox 641 458 859 523; x_wconf 73' lang='lat' dir='ltr'>opposito</span> <span class='ocrx_word' id='word_1_18' title='bbox 889 457 1016 506; x_wconf 89' lang='lat' dir='ltr'>sensu</span> <span class='ocrx_word' id='word_1_19' title='bbox 1039 457 1263 521; x_wconf 78' lang='lat' dir='ltr'>significet</span> <span class='ocrx_word' id='word_1_20' title='bbox 1294 455 1540 520; x_wconf 87' lang='lat' dir='ltr'>proprium</span> <span class='ocrx_word' id='word_1_21' title='bbox 1571 451 1778 514; x_wconf 80' lang='lat' dir='ltr'>hominis</span> <span class='ocrx_word' id='word_1_22' title='bbox 1809 451 2140 508; x_wconf 87' lang='lat' dir='ltr'>voluntarium,</span> <span class='ocrx_word' id='word_1_23' title='bbox 2178 455 2301 518; x_wconf 88' lang='lat' dir='ltr'>quod</span> <span class='ocrx_word' id='word_1_24' title='bbox 2342 454 2388 501; x_wconf 90' lang='lat' dir='ltr'>in</span> 
     </span>
     <span class='ocr_line' id='line_1_4' title="bbox 396 517 2391 588; baseline -0.003 -16"><span class='ocrx_word' id='word_1_25' title='bbox 396 523 441 572; x_wconf 87' lang='lat' dir='ltr'>se</span> <span class='ocrx_word' id='word_1_26' title='bbox 478 540 570 571; x_wconf 87' lang='lat' dir='ltr'>non</span> <span class='ocrx_word' id='word_1_27' title='bbox 605 524 690 571; x_wconf 81' lang='lat' dir='ltr'>nisi</span> <span class='ocrx_word' id='word_1_28' title='bbox 724 541 865 588; x_wconf 88' lang='lat' dir='ltr'>quam</span> <span class='ocrx_word' id='word_1_29' title='bbox 904 523 1080 571; x_wconf 88' lang='lat' dir='ltr'>malum</span> <span class='ocrx_word' id='word_1_30' title='bbox 1119 521 1201 577; x_wconf 86' lang='lat' dir='ltr'>est,</span> <span class='ocrx_word' id='word_1_31' title='bbox 1236 519 1414 568; x_wconf 80' lang='lat' dir='ltr'>constat</span> <span class='ocrx_word' id='word_1_32' title='bbox 1447 536 1504 567; x_wconf 87' lang='lat' dir='ltr'>ex</span> <span class='ocrx_word' id='word_1_33' title='bbox 1539 518 1613 566; x_wconf 90' lang='lat' dir='ltr'>his</span> <span class='ocrx_word' id='word_1_34' title='bbox 1646 517 1797 572; x_wconf 82' lang='lat' dir='ltr'>locis3</span> <span class='ocrx_word' id='word_1_35' title='bbox 1853 517 1976 582; x_wconf 87' lang='lat' dir='ltr'>apud</span> <span class='ocrx_word' id='word_1_36' title='bbox 2016 517 2195 580; x_wconf 88' lang='lat' dir='ltr'>Esajam</span> <span class='ocrx_word' id='word_1_37' title='bbox 2237 526 2270 548; x_wconf 73' lang='lat'>‘⁶</span> <span class='ocrx_word' id='word_1_38' title='bbox 2302 519 2391 567; x_wconf 87' lang='lat' dir='ltr'>Vir</span> 
     </span>
     <span class='ocr_line' id='line_1_5' title="bbox 395 583 2386 653; baseline -0.003 -17"><span class='ocrx_word' id='word_1_39' title='bbox 395 605 568 638; x_wconf 83' lang='lat' dir='ltr'>carnem</span> <span class='ocrx_word' id='word_1_40' title='bbox 591 590 767 638; x_wconf 83' lang='lat' dir='ltr'>brachii</span> <span class='ocrx_word' id='word_1_41' title='bbox 789 586 1178 653; x_wconf 64' lang='lat' dir='ltr'>stei‘comedene’</span> <span class='ocrx_word' id='word_1_42' title='bbox 1219 603 1274 634; x_wconf 75' lang='lat' dir='ltr'>ix</span> <span class='ocrx_word' id='word_1_43' title='bbox 1300 603 1313 634; x_wconf 75' lang='lat' dir='ltr'>t</span> <span class='ocrx_word' id='word_1_44' title='bbox 1343 602 1417 652; x_wconf 86' lang='lat'>19.</span> <span class='ocrx_word' id='word_1_45' title='bbox 1489 584 1631 650; x_wconf 89' lang='lat' dir='ltr'>Apud</span> <span class='ocrx_word' id='word_1_46' title='bbox 1664 583 1878 632; x_wconf 89' lang='lat' dir='ltr'>Eundem</span> <span class='ocrx_word' id='word_1_47' title='bbox 1913 590 1947 613; x_wconf 87' lang='lat'><strong>“</strong></span> <span class='ocrx_word' id='word_1_48' title='bbox 1982 583 2166 631; x_wconf 87' lang='lat' dir='ltr'>Cibabo</span> <span class='ocrx_word' id='word_1_49' title='bbox 2197 584 2386 648; x_wconf 87' lang='lat' dir='ltr'>oppres-</span> 
     </span>
     <span class='ocr_line' id='line_1_6' title="bbox 397 649 2386 718; baseline -0.004 -15"><span class='ocrx_word' id='word_1_50' title='bbox 397 655 517 703; x_wconf 82' lang='lat' dir='ltr'>sores</span> <span class='ocrx_word' id='word_1_51' title='bbox 551 653 653 701; x_wconf 90' lang='lat' dir='ltr'>suos</span> <span class='ocrx_word' id='word_1_52' title='bbox 691 669 836 708; x_wconf 32' lang='lat' dir='ltr'>carne,</span> <span class='ocrx_word' id='word_1_53' title='bbox 861 654 1066 718; x_wconf 75' lang='lat' dir='ltr'>ipsbrum,</span> <span class='ocrx_word' id='word_1_54' title='bbox 1115 651 1166 699; x_wconf 84' lang='lat'>&amp;</span> <span class='ocrx_word' id='word_1_55' title='bbox 1206 651 1319 701; x_wconf 88' lang='lat' dir='ltr'>ficut</span> <span class='ocrx_word' id='word_1_56' title='bbox 1356 650 1511 700; x_wconf 88' lang='lat' dir='ltr'>musto</span> <span class='ocrx_word' id='word_1_57' title='bbox 1549 650 1769 714; x_wconf 87' lang='lat' dir='ltr'>sanguine</span> <span class='ocrx_word' id='word_1_58' title='bbox 1801 665 1962 698; x_wconf 88' lang='lat' dir='ltr'>eorum</span> <span class='ocrx_word' id='word_1_59' title='bbox 1999 649 2386 697; x_wconf 87' lang='lat' dir='ltr'>inebriabuntur”</span> 
     </span>
     <span class='ocr_line' id='line_1_7' title="bbox 397 715 2388 784; baseline -0.003 -15"><span class='ocrx_word' id='word_1_60' title='bbox 397 736 520 769; x_wconf 76' lang='lat' dir='ltr'>xmx</span> <span class='ocrx_word' id='word_1_61' title='bbox 544 735 555 766; x_wconf 71' lang='grc' dir='ltr'><strong><em>ε</em></strong></span> <span class='ocrx_word' id='word_1_62' title='bbox 582 720 662 767; x_wconf 86' lang='lat'>26.</span> <span class='ocrx_word' id='word_1_63' title='bbox 736 718 884 784; x_wconf 87' lang='lat' dir='ltr'>Apud</span> <span class='ocrx_word' id='word_1_64' title='bbox 907 718 1166 780; x_wconf 86' lang='lat' dir='ltr'>Jererniam</span> <span class='ocrx_word' id='word_1_65' title='bbox 1203 726 1241 749; x_wconf 89' lang='lat'><strong>“</strong></span> <span class='ocrx_word' id='word_1_66' title='bbox 1274 718 1459 767; x_wconf 90' lang='lat' dir='ltr'>Cibabo</span> <span class='ocrx_word' id='word_1_67' title='bbox 1482 734 1567 765; x_wconf 92' lang='lat' dir='ltr'>vos</span> <span class='ocrx_word' id='word_1_68' title='bbox 1591 733 1723 764; x_wconf 86' lang='lat' dir='ltr'>carne</span> <span class='ocrx_word' id='word_1_69' title='bbox 1737 715 1936 776; x_wconf 84' lang='lat' dir='ltr'>filiorum</span> <span class='ocrx_word' id='word_1_70' title='bbox 1968 731 2129 773; x_wconf 88' lang='lat' dir='ltr'>eorum,</span> <span class='ocrx_word' id='word_1_71' title='bbox 2168 715 2217 762; x_wconf 88' lang='lat'>&amp;</span> <span class='ocrx_word' id='word_1_72' title='bbox 2258 733 2388 764; x_wconf 88' lang='lat' dir='ltr'>carne</span> 
     </span>
     <span class='ocr_line' id='line_1_8' title="bbox 390 782 2386 850; baseline -0.002 -17"><span class='ocrx_word' id='word_1_73' title='bbox 390 786 588 845; x_wconf 81' lang='lat' dir='ltr'>filiarum</span> <span class='ocrx_word' id='word_1_74' title='bbox 623 800 782 841; x_wconf 87' lang='lat' dir='ltr'>eorum,</span> <span class='ocrx_word' id='word_1_75' title='bbox 819 785 871 831; x_wconf 75' lang='grc' dir='ltr'>ὅτ</span> <span class='ocrx_word' id='word_1_76' title='bbox 902 785 976 830; x_wconf 89' lang='lat' dir='ltr'>vir</span> <span class='ocrx_word' id='word_1_77' title='bbox 1011 801 1182 832; x_wconf 83' lang='lat' dir='ltr'>carnem</span> <span class='ocrx_word' id='word_1_78' title='bbox 1207 787 1324 848; x_wconf 84' lang='lat' dir='ltr'>socii</span> <span class='ocrx_word' id='word_1_79' title='bbox 1349 786 1429 850; x_wconf 84' lang='lat' dir='ltr'>sui</span> <span class='ocrx_word' id='word_1_80' title='bbox 1453 783 1734 832; x_wconf 88' lang='lat' dir='ltr'>comedent&#39;’</span> <span class='ocrx_word' id='word_1_81' title='bbox 1768 799 1856 831; x_wconf 79' lang='lat' dir='ltr'>xnt</span> <span class='ocrx_word' id='word_1_82' title='bbox 1878 800 1890 831; x_wconf 72' lang='grc' dir='ltr'><strong><em>ι</em></strong></span> <span class='ocrx_word' id='word_1_83' title='bbox 1916 800 1963 848; x_wconf 89' lang='lat'>9.</span> <span class='ocrx_word' id='word_1_84' title='bbox 2038 783 2182 848; x_wconf 88' lang='lat' dir='ltr'>Apud</span> <span class='ocrx_word' id='word_1_85' title='bbox 2221 782 2386 829; x_wconf 89' lang='lat' dir='ltr'>Sacha-</span> 
     </span>
     <span class='ocr_line' id='line_1_9' title="bbox 399 847 2387 918; baseline -0.003 -19"><span class='ocrx_word' id='word_1_86' title='bbox 399 851 517 901; x_wconf 83' lang='lat' dir='ltr'>riam</span> <span class='ocrx_word' id='word_1_87' title='bbox 552 857 591 883; x_wconf 87' lang='lat'><strong>“</strong></span> <span class='ocrx_word' id='word_1_88' title='bbox 613 849 830 917; x_wconf 75' lang='lat' dir='ltr'>Reliquae</span> <span class='ocrx_word' id='word_1_89' title='bbox 850 850 1103 905; x_wconf 83' lang='lat' dir='ltr'>comedent</span> <span class='ocrx_word' id='word_1_90' title='bbox 1122 851 1346 918; x_wconf 89' lang='lat' dir='ltr'>quaelibet</span> <span class='ocrx_word' id='word_1_91' title='bbox 1368 866 1535 899; x_wconf 86' lang='lat' dir='ltr'>carnem</span> <span class='ocrx_word' id='word_1_92' title='bbox 1557 848 1777 898; x_wconf 79' lang='lat' dir='ltr'>alterius”</span> <span class='ocrx_word' id='word_1_93' title='bbox 1816 865 1869 898; x_wconf 76' lang='lat' dir='ltr'>rx</span> <span class='ocrx_word' id='word_1_94' title='bbox 1895 867 1906 896; x_wconf 94' lang='lat'><strong>:</strong></span> <span class='ocrx_word' id='word_1_95' title='bbox 1931 867 1978 915; x_wconf 90' lang='lat'>9.</span> <span class='ocrx_word' id='word_1_96' title='bbox 2048 848 2192 914; x_wconf 89' lang='lat' dir='ltr'><strong>Apud</strong></span> <span class='ocrx_word' id='word_1_97' title='bbox 2218 847 2387 896; x_wconf 89' lang='lat' dir='ltr'>Mosen</span> 
     </span>
     <span class='ocr_line' id='line_1_10' title="bbox 394 913 2388 983; baseline -0.001 -18"><span class='ocrx_word' id='word_1_98' title='bbox 394 924 435 974; x_wconf 54' lang='grc' dir='ltr'>ἒ(</span> <span class='ocrx_word' id='word_1_99' title='bbox 471 917 720 982; x_wconf 87' lang='lat' dir='ltr'>Castigabo</span> <span class='ocrx_word' id='word_1_100' title='bbox 743 935 824 966; x_wconf 91' lang='lat' dir='ltr'>vos</span> <span class='ocrx_word' id='word_1_101' title='bbox 848 920 1055 982; x_wconf 83' lang='lat' dir='ltr'>sextuplo</span> <span class='ocrx_word' id='word_1_102' title='bbox 1085 931 1280 983; x_wconf 89' lang='lat' dir='ltr'>propter</span> <span class='ocrx_word' id='word_1_103' title='bbox 1312 929 1498 981; x_wconf 84' lang='lat' dir='ltr'>peccata</span> <span class='ocrx_word' id='word_1_104' title='bbox 1531 917 1694 972; x_wconf 85' lang='lat' dir='ltr'>vestra,</span> <span class='ocrx_word' id='word_1_105' title='bbox 1731 915 1783 962; x_wconf 89' lang='lat'>&amp;</span> <span class='ocrx_word' id='word_1_106' title='bbox 1809 915 2064 963; x_wconf 89' lang='lat' dir='ltr'>comedatis</span> <span class='ocrx_word' id='word_1_107' title='bbox 2099 931 2271 962; x_wconf 80' lang='lat' dir='ltr'>carnem</span> <span class='ocrx_word' id='word_1_108' title='bbox 2289 913 2388 974; x_wconf 84' lang='lat' dir='ltr'>fili-</span> 
     </span>
     <span class='ocr_line' id='line_1_11' title="bbox 393 981 2385 1048; baseline -0.002 -16"><span class='ocrx_word' id='word_1_109' title='bbox 393 999 517 1032; x_wconf 81' lang='lat' dir='ltr'>vrum</span> <span class='ocrx_word' id='word_1_110' title='bbox 539 985 792 1046; x_wconf 54' lang='lat' dir='ltr'>vastrorum,</span> <span class='ocrx_word' id='word_1_111' title='bbox 827 985 879 1032; x_wconf 75' lang='grc' dir='ltr'>δε</span> <span class='ocrx_word' id='word_1_112' title='bbox 914 999 1082 1034; x_wconf 87' lang='lat' dir='ltr'>carnem</span> <span class='ocrx_word' id='word_1_113' title='bbox 1103 983 1306 1044; x_wconf 85' lang='lat' dir='ltr'>filiarum</span> <span class='ocrx_word' id='word_1_114' title='bbox 1338 985 1573 1048; x_wconf 71' lang='lat' dir='ltr'>vestrarum</span> <span class='ocrx_word' id='word_1_115' title='bbox 1596 981 1888 1030; x_wconf 82' lang='lat' dir='ltr'>comedetis’&#39;</span> <span class='ocrx_word' id='word_1_116' title='bbox 1923 983 2065 1030; x_wconf 88' lang='lat' dir='ltr'>Levit</span> <span class='ocrx_word' id='word_1_117' title='bbox 2088 999 2099 1028; x_wconf 91' lang='lat'>:</span> <span class='ocrx_word' id='word_1_118' title='bbox 2123 997 2240 1029; x_wconf 82' lang='lat' dir='ltr'>xxvr</span> <span class='ocrx_word' id='word_1_119' title='bbox 2269 999 2279 1027; x_wconf 89' lang='lat'>:</span> <span class='ocrx_word' id='word_1_120' title='bbox 2309 984 2385 1029; x_wconf 88' lang='lat'>28.</span> 
     </span>
     <span class='ocr_line' id='line_1_12' title="bbox 398 1047 2386 1115; baseline 0 -18"><span class='ocrx_word' id='word_1_121' title='bbox 398 1065 459 1114; x_wconf 84' lang='lat'>29</span> <span class='ocrx_word' id='word_1_122' title='bbox 481 1070 498 1103; x_wconf 74' lang='lat'>3</span> <span class='ocrx_word' id='word_1_123' title='bbox 536 1049 784 1115; x_wconf 87' lang='lat' dir='ltr'>proprium</span> <span class='ocrx_word' id='word_1_124' title='bbox 825 1049 1136 1100; x_wconf 86' lang='lat' dir='ltr'>voluntarium</span> <span class='ocrx_word' id='word_1_125' title='bbox 1181 1049 1254 1098; x_wconf 87' lang='lat' dir='ltr'>seu</span> <span class='ocrx_word' id='word_1_126' title='bbox 1290 1062 1443 1098; x_wconf 90' lang='lat' dir='ltr'>natura</span> <span class='ocrx_word' id='word_1_127' title='bbox 1473 1049 1675 1097; x_wconf 90' lang='lat' dir='ltr'>hominis</span> <span class='ocrx_word' id='word_1_128' title='bbox 1709 1048 1773 1096; x_wconf 90' lang='lat' dir='ltr'>ita</span> <span class='ocrx_word' id='word_1_129' title='bbox 1812 1047 2102 1104; x_wconf 84' lang='lat' dir='ltr'>describitur,</span> <span class='ocrx_word' id='word_1_130' title='bbox 2157 1050 2220 1096; x_wconf 88' lang='lat' dir='ltr'>est</span> <span class='ocrx_word' id='word_1_131' title='bbox 2258 1047 2386 1097; x_wconf 79' lang='lat' dir='ltr'>enim</span> 
     </span>
     <span class='ocr_line' id='line_1_13' title="bbox 399 1113 2382 1181; baseline -0.002 -18"><span class='ocrx_word' id='word_1_132' title='bbox 399 1131 495 1163; x_wconf 89' lang='lat' dir='ltr'>non</span> <span class='ocrx_word' id='word_1_133' title='bbox 534 1115 620 1163; x_wconf 78' lang='lat' dir='ltr'>nisi</span> <span class='ocrx_word' id='word_1_134' title='bbox 656 1132 795 1181; x_wconf 90' lang='lat' dir='ltr'>quam</span> <span class='ocrx_word' id='word_1_135' title='bbox 836 1117 1007 1165; x_wconf 88' lang='lat' dir='ltr'>malum</span> <span class='ocrx_word' id='word_1_136' title='bbox 1043 1117 1095 1164; x_wconf 76' lang='grc' dir='ltr'>δε</span> <span class='ocrx_word' id='word_1_137' title='bbox 1129 1116 1236 1164; x_wconf 89' lang='lat' dir='ltr'>inde</span> <span class='ocrx_word' id='word_1_138' title='bbox 1282 1115 1461 1173; x_wconf 83' lang='lat' dir='ltr'>falsum,</span> <span class='ocrx_word' id='word_1_139' title='bbox 1510 1116 1573 1164; x_wconf 86' lang='lat' dir='ltr'>ita</span> <span class='ocrx_word' id='word_1_140' title='bbox 1610 1114 1775 1163; x_wconf 90' lang='lat' dir='ltr'>odium</span> <span class='ocrx_word' id='word_1_141' title='bbox 1810 1127 1969 1163; x_wconf 86' lang='lat' dir='ltr'>contra</span> <span class='ocrx_word' id='word_1_142' title='bbox 2005 1130 2111 1163; x_wconf 89' lang='lat' dir='ltr'>vera</span> <span class='ocrx_word' id='word_1_143' title='bbox 2155 1113 2207 1161; x_wconf 86' lang='lat'>&amp;</span> <span class='ocrx_word' id='word_1_144' title='bbox 2242 1113 2382 1172; x_wconf 91' lang='lat' dir='ltr'>bona,</span> 
     </span>
     <span class='ocr_line' id='line_1_14' title="bbox 398 1180 2383 1246; baseline 0 -18"><span class='ocrx_word' id='word_1_145' title='bbox 398 1197 507 1245; x_wconf 84' lang='lat' dir='ltr'>quae</span> <span class='ocrx_word' id='word_1_146' title='bbox 538 1181 850 1244; x_wconf 78' lang='lat' dir='ltr'>significantur</span> <span class='ocrx_word' id='word_1_147' title='bbox 889 1198 974 1246; x_wconf 90' lang='lat' dir='ltr'>per</span> <span class='ocrx_word' id='word_1_148' title='bbox 1009 1183 1255 1231; x_wconf 86' lang='lat' dir='ltr'>comedere</span> <span class='ocrx_word' id='word_1_149' title='bbox 1288 1198 1473 1230; x_wconf 88' lang='lat' dir='ltr'>carnem</span> <span class='ocrx_word' id='word_1_150' title='bbox 1509 1181 1686 1230; x_wconf 89' lang='lat' dir='ltr'>brachii</span> <span class='ocrx_word' id='word_1_151' title='bbox 1726 1180 1808 1239; x_wconf 90' lang='lat' dir='ltr'>sui,</span> <span class='ocrx_word' id='word_1_152' title='bbox 1846 1196 2033 1229; x_wconf 90' lang='lat' dir='ltr'>carnem</span> <span class='ocrx_word' id='word_1_153' title='bbox 2076 1180 2282 1228; x_wconf 90' lang='lat' dir='ltr'>filiorum</span> <span class='ocrx_word' id='word_1_154' title='bbox 2331 1181 2383 1228; x_wconf 71' lang='grc' dir='ltr'>δε</span> 
     </span>
     <span class='ocr_line' id='line_1_15' title="bbox 401 1247 2384 1314; baseline -0.001 -20"><span class='ocrx_word' id='word_1_155' title='bbox 401 1247 624 1304; x_wconf 84' lang='lat' dir='ltr'>filiarum,</span> <span class='ocrx_word' id='word_1_156' title='bbox 661 1263 849 1296; x_wconf 83' lang='lat' dir='ltr'>carnem</span> <span class='ocrx_word' id='word_1_157' title='bbox 882 1249 1084 1297; x_wconf 86' lang='lat' dir='ltr'>alterius.</span> <span class='ocrx_word' id='word_1_158' title='bbox 1155 1248 1305 1314; x_wconf 88' lang='lat' dir='ltr'>Apud</span> <span class='ocrx_word' id='word_1_159' title='bbox 1328 1248 1597 1310; x_wconf 86' lang='lat' dir='ltr'>Johannem</span> <span class='ocrx_word' id='word_1_160' title='bbox 1633 1254 1670 1278; x_wconf 92' lang='lat'><strong>“</strong></span> <span class='ocrx_word' id='word_1_161' title='bbox 1704 1247 1818 1295; x_wconf 89' lang='lat' dir='ltr'>Vidi</span> <span class='ocrx_word' id='word_1_162' title='bbox 1851 1263 1997 1295; x_wconf 89' lang='lat' dir='ltr'>unum</span> <span class='ocrx_word' id='word_1_163' title='bbox 2028 1247 2244 1310; x_wconf 87' lang='lat' dir='ltr'>angelum</span> <span class='ocrx_word' id='word_1_164' title='bbox 2270 1247 2384 1293; x_wconf 87' lang='lat' dir='ltr'>stan·</span> 
     </span>
     <span class='ocr_line' id='line_1_16' title="bbox 397 1313 2383 1379; baseline 0 -19"><span class='ocrx_word' id='word_1_165' title='bbox 397 1325 496 1361; x_wconf 88' lang='lat' dir='ltr'>tem</span> <span class='ocrx_word' id='word_1_166' title='bbox 521 1313 565 1360; x_wconf 91' lang='lat' dir='ltr'>in</span> <span class='ocrx_word' id='word_1_167' title='bbox 590 1313 698 1371; x_wconf 89' lang='lat' dir='ltr'>sole,</span> <span class='ocrx_word' id='word_1_168' title='bbox 733 1314 810 1379; x_wconf 90' lang='lat' dir='ltr'>qui</span> <span class='ocrx_word' id='word_1_169' title='bbox 843 1314 1063 1363; x_wconf 87' lang='lat' dir='ltr'>clamavit</span> <span class='ocrx_word' id='word_1_170' title='bbox 1095 1330 1209 1362; x_wconf 90' lang='lat' dir='ltr'>voce</span> <span class='ocrx_word' id='word_1_171' title='bbox 1248 1330 1437 1379; x_wconf 85' lang='lat' dir='ltr'>magna,</span> <span class='ocrx_word' id='word_1_172' title='bbox 1472 1314 1627 1363; x_wconf 87' lang='lat' dir='ltr'>dicens</span> <span class='ocrx_word' id='word_1_173' title='bbox 1666 1314 1886 1363; x_wconf 90' lang='lat' dir='ltr'>omnibus</span> <span class='ocrx_word' id='word_1_174' title='bbox 1925 1313 2081 1361; x_wconf 91' lang='lat' dir='ltr'>avibus</span> <span class='ocrx_word' id='word_1_175' title='bbox 2119 1313 2383 1360; x_wconf 89' lang='lat' dir='ltr'>volantibus</span> 
     </span>
     <span class='ocr_line' id='line_1_17' title="bbox 400 1378 2383 1444; baseline 0 -18"><span class='ocrx_word' id='word_1_176' title='bbox 400 1379 446 1425; x_wconf 92' lang='lat' dir='ltr'>in</span> <span class='ocrx_word' id='word_1_177' title='bbox 472 1378 631 1427; x_wconf 84' lang='lat' dir='ltr'>medio</span> <span class='ocrx_word' id='word_1_178' title='bbox 654 1381 796 1437; x_wconf 90' lang='lat' dir='ltr'>coelo,</span> <span class='ocrx_word' id='word_1_179' title='bbox 837 1381 987 1428; x_wconf 82' lang='lat' dir='ltr'>venite</span> <span class='ocrx_word' id='word_1_180' title='bbox 1012 1380 1064 1428; x_wconf 76' lang='grc' dir='ltr'>ὅτ</span> <span class='ocrx_word' id='word_1_181' title='bbox 1084 1381 1434 1444; x_wconf 82' lang='lat' dir='ltr'>congregamini</span> <span class='ocrx_word' id='word_1_182' title='bbox 1466 1380 1524 1429; x_wconf 91' lang='lat' dir='ltr'>ad</span> <span class='ocrx_word' id='word_1_183' title='bbox 1547 1396 1731 1430; x_wconf 89' lang='lat' dir='ltr'>coenam</span> <span class='ocrx_word' id='word_1_184' title='bbox 1756 1380 1915 1444; x_wconf 88' lang='lat' dir='ltr'>magni</span> <span class='ocrx_word' id='word_1_185' title='bbox 1939 1380 2050 1436; x_wconf 90' lang='lat' dir='ltr'>Dei,</span> <span class='ocrx_word' id='word_1_186' title='bbox 2085 1392 2136 1426; x_wconf 90' lang='lat' dir='ltr'>ut</span> <span class='ocrx_word' id='word_1_187' title='bbox 2169 1381 2383 1427; x_wconf 85' lang='lat' dir='ltr'>comeda-</span> 
     </span>
     <span class='ocr_line' id='line_1_18' title="bbox 395 1443 2383 1512; baseline 0 -21"><span class='ocrx_word' id='word_1_188' title='bbox 395 1443 455 1492; x_wconf 87' lang='lat' dir='ltr'>tis</span> <span class='ocrx_word' id='word_1_189' title='bbox 483 1461 635 1493; x_wconf 85' lang='lat' dir='ltr'>carnes</span> <span class='ocrx_word' id='word_1_190' title='bbox 666 1454 829 1510; x_wconf 81' lang='lat' dir='ltr'>regum,</span> <span class='ocrx_word' id='word_1_191' title='bbox 868 1447 918 1494; x_wconf 86' lang='lat'>&amp;</span> <span class='ocrx_word' id='word_1_192' title='bbox 940 1463 1089 1496; x_wconf 85' lang='lat' dir='ltr'>carnes</span> <span class='ocrx_word' id='word_1_193' title='bbox 1111 1447 1461 1505; x_wconf 83' lang='lat' dir='ltr'>chiliarchorum,</span> <span class='ocrx_word' id='word_1_194' title='bbox 1497 1446 1550 1494; x_wconf 77' lang='grc' dir='ltr'>δε</span> <span class='ocrx_word' id='word_1_195' title='bbox 1576 1464 1728 1496; x_wconf 84' lang='lat' dir='ltr'>carnes</span> <span class='ocrx_word' id='word_1_196' title='bbox 1747 1449 1957 1512; x_wconf 85' lang='lat' dir='ltr'>fortium,</span> <span class='ocrx_word' id='word_1_197' title='bbox 1995 1445 2044 1492; x_wconf 86' lang='lat'>&amp;</span> <span class='ocrx_word' id='word_1_198' title='bbox 2076 1463 2225 1493; x_wconf 85' lang='lat' dir='ltr'>carnes</span> <span class='ocrx_word' id='word_1_199' title='bbox 2253 1462 2383 1510; x_wconf 15' lang='lat' dir='ltr'>Aequo-</span> 
     </span>
     <span class='ocr_line' id='line_1_19' title="bbox 396 1511 2380 1578; baseline 0 -20"><span class='ocrx_word' id='word_1_200' title='bbox 396 1527 494 1558; x_wconf 90' lang='lat' dir='ltr'>rum</span> <span class='ocrx_word' id='word_1_201' title='bbox 529 1512 579 1559; x_wconf 85' lang='lat'>&amp;</span> <span class='ocrx_word' id='word_1_202' title='bbox 617 1511 874 1561; x_wconf 86' lang='lat' dir='ltr'>sedentium</span> <span class='ocrx_word' id='word_1_203' title='bbox 910 1512 1042 1578; x_wconf 87' lang='lat' dir='ltr'>super</span> <span class='ocrx_word' id='word_1_204' title='bbox 1060 1513 1172 1571; x_wconf 86' lang='lat' dir='ltr'>illis,</span> <span class='ocrx_word' id='word_1_205' title='bbox 1222 1512 1274 1560; x_wconf 78' lang='grc' dir='ltr'>δε</span> <span class='ocrx_word' id='word_1_206' title='bbox 1303 1529 1451 1562; x_wconf 83' lang='lat' dir='ltr'>carnes</span> <span class='ocrx_word' id='word_1_207' title='bbox 1481 1517 1667 1562; x_wconf 80' lang='lat' dir='ltr'>omnium</span> <span class='ocrx_word' id='word_1_208' title='bbox 1695 1513 1926 1562; x_wconf 82' lang='lat' dir='ltr'>liberorum</span> <span class='ocrx_word' id='word_1_209' title='bbox 1959 1512 2008 1558; x_wconf 85' lang='lat'>&amp;</span> <span class='ocrx_word' id='word_1_210' title='bbox 2036 1512 2288 1569; x_wconf 88' lang='lat' dir='ltr'>servorum,</span> <span class='ocrx_word' id='word_1_211' title='bbox 2327 1511 2380 1558; x_wconf 86' lang='lat'>&amp;</span> 
     </span>
     <span class='ocr_line' id='line_1_20' title="bbox 395 1577 2380 1644; baseline 0.001 -20"><span class='ocrx_word' id='word_1_212' title='bbox 395 1593 646 1642; x_wconf 89' lang='lat' dir='ltr'>parvorum</span> <span class='ocrx_word' id='word_1_213' title='bbox 672 1577 724 1625; x_wconf 87' lang='lat'>&amp;</span> <span class='ocrx_word' id='word_1_214' title='bbox 748 1581 1239 1644; x_wconf 66' lang='lat' dir='ltr'>magnorum”‚Apoc</span> <span class='ocrx_word' id='word_1_215' title='bbox 1259 1596 1271 1627; x_wconf 89' lang='lat'><strong>:</strong></span> <span class='ocrx_word' id='word_1_216' title='bbox 1294 1596 1414 1628; x_wconf 69' lang='lat' dir='ltr'>iux:</span> <span class='ocrx_word' id='word_1_217' title='bbox 1445 1594 1519 1643; x_wconf 89' lang='lat'>17.</span> <span class='ocrx_word' id='word_1_218' title='bbox 1550 1584 1623 1629; x_wconf 91' lang='lat'>18.</span> <span class='ocrx_word' id='word_1_219' title='bbox 1660 1580 1820 1628; x_wconf 88' lang='lat' dir='ltr'>Ezeeh</span> <span class='ocrx_word' id='word_1_220' title='bbox 1849 1594 2034 1627; x_wconf 81' lang='lat' dir='ltr'>:xxxnt</span> <span class='ocrx_word' id='word_1_221' title='bbox 2061 1597 2071 1625; x_wconf 93' lang='lat'><strong>:</strong></span> <span class='ocrx_word' id='word_1_222' title='bbox 2102 1593 2175 1640; x_wconf 88' lang='lat'>17.</span> <span class='ocrx_word' id='word_1_223' title='bbox 2203 1583 2272 1626; x_wconf 88' lang='lat'>18.</span> <span class='ocrx_word' id='word_1_224' title='bbox 2303 1595 2380 1642; x_wconf 89' lang='lat'>19.</span> 
     </span>
     <span class='ocr_line' id='line_1_21' title="bbox 399 1643 2374 1709; baseline -0.001 -18"><span class='ocrx_word' id='word_1_225' title='bbox 399 1658 503 1696; x_wconf 80' lang='lat'>203</span> <span class='ocrx_word' id='word_1_226' title='bbox 540 1644 663 1707; x_wconf 91' lang='lat' dir='ltr'>quod</span> <span class='ocrx_word' id='word_1_227' title='bbox 703 1661 785 1708; x_wconf 88' lang='lat' dir='ltr'>per</span> <span class='ocrx_word' id='word_1_228' title='bbox 807 1661 964 1692; x_wconf 86' lang='lat' dir='ltr'>carnes</span> <span class='ocrx_word' id='word_1_229' title='bbox 989 1661 1171 1709; x_wconf 87' lang='lat' dir='ltr'>regum,</span> <span class='ocrx_word' id='word_1_230' title='bbox 1207 1645 1589 1702; x_wconf 88' lang='lat' dir='ltr'>chiliarchorum,</span> <span class='ocrx_word' id='word_1_231' title='bbox 1626 1643 1839 1701; x_wconf 91' lang='lat' dir='ltr'>fortium,</span> <span class='ocrx_word' id='word_1_232' title='bbox 1877 1660 2101 1708; x_wconf 85' lang='lat' dir='ltr'>equorum</span> <span class='ocrx_word' id='word_1_233' title='bbox 2128 1644 2176 1691; x_wconf 87' lang='lat'>&amp;</span> <span class='ocrx_word' id='word_1_234' title='bbox 2211 1643 2374 1691; x_wconf 88' lang='lat' dir='ltr'>seden-</span> 
     </span>
     <span class='ocr_line' id='line_1_22' title="bbox 399 1708 2382 1774; baseline 0.001 -18"><span class='ocrx_word' id='word_1_235' title='bbox 399 1708 517 1756; x_wconf 88' lang='lat' dir='ltr'>tium</span> <span class='ocrx_word' id='word_1_236' title='bbox 545 1708 678 1774; x_wconf 89' lang='lat' dir='ltr'>super</span> <span class='ocrx_word' id='word_1_237' title='bbox 704 1711 809 1768; x_wconf 88' lang='lat' dir='ltr'>illis,</span> <span class='ocrx_word' id='word_1_238' title='bbox 845 1709 1095 1759; x_wconf 86' lang='lat' dir='ltr'>liberorum</span> <span class='ocrx_word' id='word_1_239' title='bbox 1125 1709 1177 1756; x_wconf 85' lang='lat'>&amp;</span> <span class='ocrx_word' id='word_1_240' title='bbox 1207 1710 1462 1767; x_wconf 85' lang='lat' dir='ltr'>servorum,</span> <span class='ocrx_word' id='word_1_241' title='bbox 1500 1726 1593 1763; x_wconf 89' lang='lat' dir='ltr'>non</span> <span class='ocrx_word' id='word_1_242' title='bbox 1626 1710 1936 1773; x_wconf 76' lang='lat' dir='ltr'>significentur</span> <span class='ocrx_word' id='word_1_243' title='bbox 1971 1710 2095 1766; x_wconf 88' lang='lat' dir='ltr'>talia,</span> <span class='ocrx_word' id='word_1_244' title='bbox 2131 1710 2382 1774; x_wconf 89' lang='lat' dir='ltr'>unicuique</span> 
     </span>
     <span class='ocr_line' id='line_1_23' title="bbox 398 1774 2381 1842; baseline 0.002 -21"><span class='ocrx_word' id='word_1_245' title='bbox 398 1774 605 1822; x_wconf 86' lang='lat' dir='ltr'>constare</span> <span class='ocrx_word' id='word_1_246' title='bbox 630 1774 799 1839; x_wconf 91' lang='lat' dir='ltr'>potest,</span> <span class='ocrx_word' id='word_1_247' title='bbox 836 1776 897 1824; x_wconf 86' lang='lat' dir='ltr'>ita</span> <span class='ocrx_word' id='word_1_248' title='bbox 921 1776 1043 1842; x_wconf 91' lang='lat' dir='ltr'>quod</span> <span class='ocrx_word' id='word_1_249' title='bbox 1069 1791 1154 1841; x_wconf 90' lang='lat' dir='ltr'>per</span> <span class='ocrx_word' id='word_1_250' title='bbox 1177 1792 1333 1824; x_wconf 85' lang='lat' dir='ltr'>carnes</span> <span class='ocrx_word' id='word_1_251' title='bbox 1366 1776 1675 1840; x_wconf 74' lang='lat' dir='ltr'>significentur</span> <span class='ocrx_word' id='word_1_252' title='bbox 1695 1777 1802 1832; x_wconf 86' lang='lat' dir='ltr'>alia,</span> <span class='ocrx_word' id='word_1_253' title='bbox 1840 1791 1944 1839; x_wconf 82' lang='lat' dir='ltr'>quae</span> <span class='ocrx_word' id='word_1_254' title='bbox 1979 1777 2195 1823; x_wconf 68' lang='lat' dir='ltr'>haCtenus</span> <span class='ocrx_word' id='word_1_255' title='bbox 2221 1781 2381 1837; x_wconf 83' lang='lat' dir='ltr'>ignota</span> 
     </span>
     <span class='ocr_line' id='line_1_24' title="bbox 398 1839 2381 1908; baseline 0.001 -22"><span class='ocrx_word' id='word_1_256' title='bbox 398 1839 520 1898; x_wconf 88' lang='lat' dir='ltr'>sunt,</span> <span class='ocrx_word' id='word_1_257' title='bbox 556 1841 682 1905; x_wconf 89' lang='lat' dir='ltr'>quod</span> <span class='ocrx_word' id='word_1_258' title='bbox 721 1842 837 1890; x_wconf 86' lang='lat' dir='ltr'>mala</span> <span class='ocrx_word' id='word_1_259' title='bbox 869 1858 976 1906; x_wconf 85' lang='lat' dir='ltr'>quae</span> <span class='ocrx_word' id='word_1_260' title='bbox 1009 1841 1068 1890; x_wconf 82' lang='lat' dir='ltr'>ex</span> <span class='ocrx_word' id='word_1_261' title='bbox 1101 1841 1239 1900; x_wconf 78' lang='lat' dir='ltr'>falsis,</span> <span class='ocrx_word' id='word_1_262' title='bbox 1274 1843 1325 1890; x_wconf 86' lang='lat'>&amp;</span> <span class='ocrx_word' id='word_1_263' title='bbox 1355 1842 1475 1890; x_wconf 83' lang='lat' dir='ltr'>mala</span> <span class='ocrx_word' id='word_1_264' title='bbox 1504 1859 1563 1890; x_wconf 85' lang='lat' dir='ltr'>ex</span> <span class='ocrx_word' id='word_1_265' title='bbox 1590 1843 1756 1908; x_wconf 90' lang='lat' dir='ltr'>quibus</span> <span class='ocrx_word' id='word_1_266' title='bbox 1788 1842 1914 1899; x_wconf 80' lang='lat' dir='ltr'>falsa,</span> <span class='ocrx_word' id='word_1_267' title='bbox 1960 1859 2065 1907; x_wconf 86' lang='lat' dir='ltr'>quae</span> <span class='ocrx_word' id='word_1_268' title='bbox 2098 1859 2154 1889; x_wconf 87' lang='lat' dir='ltr'>ex</span> <span class='ocrx_word' id='word_1_269' title='bbox 2188 1843 2381 1906; x_wconf 88' lang='lat' dir='ltr'>proprio</span> 
     </span>
     <span class='ocr_line' id='line_1_25' title="bbox 395 1905 2381 1974; baseline 0.001 -22"><span class='ocrx_word' id='word_1_270' title='bbox 395 1905 661 1952; x_wconf 84' lang='lat' dir='ltr'>voluntario</span> <span class='ocrx_word' id='word_1_271' title='bbox 686 1907 909 1967; x_wconf 88' lang='lat' dir='ltr'>hominis,</span> <span class='ocrx_word' id='word_1_272' title='bbox 946 1924 1002 1956; x_wconf 82' lang='lat' dir='ltr'>ex</span> <span class='ocrx_word' id='word_1_273' title='bbox 1024 1907 1210 1971; x_wconf 88' lang='lat' dir='ltr'>fingulis</span> <span class='ocrx_word' id='word_1_274' title='bbox 1233 1920 1379 1972; x_wconf 84' lang='lat' dir='ltr'>patet,</span> <span class='ocrx_word' id='word_1_275' title='bbox 1415 1909 1541 1972; x_wconf 81' lang='lat' dir='ltr'>Quia</span> <span class='ocrx_word' id='word_1_276' title='bbox 1574 1909 1733 1958; x_wconf 86' lang='lat' dir='ltr'>falsum</span> <span class='ocrx_word' id='word_1_277' title='bbox 1772 1908 1902 1974; x_wconf 91' lang='lat' dir='ltr'>quod</span> <span class='ocrx_word' id='word_1_278' title='bbox 1934 1926 1990 1956; x_wconf 79' lang='lat' dir='ltr'>ex</span> <span class='ocrx_word' id='word_1_279' title='bbox 2030 1909 2222 1973; x_wconf 91' lang='lat' dir='ltr'>proprio</span> <span class='ocrx_word' id='word_1_280' title='bbox 2246 1909 2381 1955; x_wconf 91' lang='lat' dir='ltr'>intel-</span> 
     </span>
     <span class='ocr_line' id='line_1_26' title="bbox 396 1970 2380 2039; baseline 0.002 -22"><span class='ocrx_word' id='word_1_281' title='bbox 396 1970 580 2018; x_wconf 62' lang='lat' dir='ltr'>leRuali</span> <span class='ocrx_word' id='word_1_282' title='bbox 616 1971 819 2019; x_wconf 89' lang='lat' dir='ltr'>hominis</span> <span class='ocrx_word' id='word_1_283' title='bbox 844 1973 1042 2030; x_wconf 85' lang='lat' dir='ltr'>resultat,</span> <span class='ocrx_word' id='word_1_284' title='bbox 1080 1973 1127 2020; x_wconf 89' lang='lat' dir='ltr'>in</span> <span class='ocrx_word' id='word_1_285' title='bbox 1163 1972 1290 2022; x_wconf 89' lang='lat' dir='ltr'>sensu</span> <span class='ocrx_word' id='word_1_286' title='bbox 1327 1973 1511 2023; x_wconf 87' lang='lat' dir='ltr'>interno</span> <span class='ocrx_word' id='word_1_287' title='bbox 1533 1975 1600 2023; x_wconf 89' lang='lat' dir='ltr'>est</span> <span class='ocrx_word' id='word_1_288' title='bbox 1631 1975 1828 2039; x_wconf 81' lang='lat' dir='ltr'>sanguis,</span> <span class='ocrx_word' id='word_1_289' title='bbox 1863 1977 1913 2024; x_wconf 86' lang='lat'>&amp;</span> <span class='ocrx_word' id='word_1_290' title='bbox 1952 1977 2125 2022; x_wconf 77' lang='lat' dir='ltr'>malum</span> <span class='ocrx_word' id='word_1_291' title='bbox 2158 1975 2285 2039; x_wconf 90' lang='lat' dir='ltr'>quod</span> <span class='ocrx_word' id='word_1_292' title='bbox 2321 1990 2380 2022; x_wconf 83' lang='lat' dir='ltr'>ex</span> 
     </span>
     <span class='ocr_line' id='line_1_27' title="bbox 395 2037 2379 2107; baseline 0.002 -24"><span class='ocrx_word' id='word_1_293' title='bbox 395 2039 590 2102; x_wconf 89' lang='lat' dir='ltr'>proprio</span> <span class='ocrx_word' id='word_1_294' title='bbox 611 2037 871 2087; x_wconf 78' lang='lat' dir='ltr'>voluntario</span> <span class='ocrx_word' id='word_1_295' title='bbox 893 2037 1004 2103; x_wconf 86' lang='lat' dir='ltr'>ejus,</span> <span class='ocrx_word' id='word_1_296' title='bbox 1041 2038 1107 2086; x_wconf 89' lang='lat' dir='ltr'>est</span> <span class='ocrx_word' id='word_1_297' title='bbox 1136 2054 1259 2096; x_wconf 85' lang='lat' dir='ltr'>caro,</span> <span class='ocrx_word' id='word_1_298' title='bbox 1298 2039 1527 2088; x_wconf 88' lang='lat' dir='ltr'>Dominus</span> <span class='ocrx_word' id='word_1_299' title='bbox 1562 2041 1621 2089; x_wconf 91' lang='lat' dir='ltr'>de</span> <span class='ocrx_word' id='word_1_300' title='bbox 1652 2042 1840 2090; x_wconf 90' lang='lat' dir='ltr'>homine</span> <span class='ocrx_word' id='word_1_301' title='bbox 1874 2042 2189 2107; x_wconf 84' lang='lat' dir='ltr'>regenerando</span> <span class='ocrx_word' id='word_1_302' title='bbox 2225 2041 2286 2087; x_wconf 88' lang='lat' dir='ltr'>ita</span> <span class='ocrx_word' id='word_1_303' title='bbox 2310 2041 2379 2088; x_wconf 86' lang='lat' dir='ltr'>lo-</span> 
     </span>
     <span class='ocr_line' id='line_1_28' title="bbox 395 2103 2376 2171; baseline 0.003 -22"><span class='ocrx_word' id='word_1_304' title='bbox 395 2103 552 2168; x_wconf 88' lang='lat' dir='ltr'>quitur</span> <span class='ocrx_word' id='word_1_305' title='bbox 587 2110 622 2132; x_wconf 90' lang='lat'><strong>“</strong></span> <span class='ocrx_word' id='word_1_306' title='bbox 659 2105 901 2169; x_wconf 75' lang='lat' dir='ltr'>Qiotquot</span> <span class='ocrx_word' id='word_1_307' title='bbox 938 2119 1222 2168; x_wconf 86' lang='lat' dir='ltr'>receperunt,</span> <span class='ocrx_word' id='word_1_308' title='bbox 1257 2105 1389 2154; x_wconf 89' lang='lat' dir='ltr'>dedit</span> <span class='ocrx_word' id='word_1_309' title='bbox 1427 2105 1517 2153; x_wconf 90' lang='lat' dir='ltr'>iilis</span> <span class='ocrx_word' id='word_1_310' title='bbox 1555 2107 1848 2171; x_wconf 81' lang='lat' dir='ltr'>potestatem,</span> <span class='ocrx_word' id='word_1_311' title='bbox 1886 2123 1937 2156; x_wconf 90' lang='lat' dir='ltr'>ut</span> <span class='ocrx_word' id='word_1_312' title='bbox 1978 2108 2062 2154; x_wconf 86' lang='lat' dir='ltr'>filii</span> <span class='ocrx_word' id='word_1_313' title='bbox 2092 2107 2183 2154; x_wconf 89' lang='lat' dir='ltr'>Dei</span> <span class='ocrx_word' id='word_1_314' title='bbox 2217 2108 2376 2164; x_wconf 76' lang='lat' dir='ltr'>essent,</span> 
     </span>
     <span class='ocr_line' id='line_1_29' title="bbox 396 2168 2379 2237; baseline 0.003 -22"><span class='ocrx_word' id='word_1_315' title='bbox 396 2168 693 2217; x_wconf 76' lang='lat' dir='ltr'>credentibus</span> <span class='ocrx_word' id='word_1_316' title='bbox 717 2171 762 2217; x_wconf 92' lang='lat' dir='ltr'>in</span> <span class='ocrx_word' id='word_1_317' title='bbox 788 2186 956 2219; x_wconf 89' lang='lat' dir='ltr'>nomen</span> <span class='ocrx_word' id='word_1_318' title='bbox 983 2171 1146 2235; x_wconf 85' lang='lat' dir='ltr'>Ipfius,</span> <span class='ocrx_word' id='word_1_319' title='bbox 1180 2175 1252 2235; x_wconf 88' lang='lat' dir='ltr'>qui</span> <span class='ocrx_word' id='word_1_320' title='bbox 1271 2188 1352 2219; x_wconf 87' lang='lat' dir='ltr'>non</span> <span class='ocrx_word' id='word_1_321' title='bbox 1377 2187 1427 2219; x_wconf 83' lang='lat' dir='ltr'>ex</span> <span class='ocrx_word' id='word_1_322' title='bbox 1438 2171 1740 2236; x_wconf 85' lang='lat' dir='ltr'>sanguinibus,</span> <span class='ocrx_word' id='word_1_323' title='bbox 1775 2189 1900 2237; x_wconf 85' lang='lat' dir='ltr'>neque</span> <span class='ocrx_word' id='word_1_324' title='bbox 1923 2192 1944 2222; x_wconf 87' lang='lat' dir='ltr'>e</span> <span class='ocrx_word' id='word_1_325' title='bbox 1965 2174 2191 2222; x_wconf 82' lang='lat' dir='ltr'>voluntate</span> <span class='ocrx_word' id='word_1_326' title='bbox 2214 2178 2379 2230; x_wconf 83' lang='lat' dir='ltr'>carnis,</span> 
     </span>
     <span class='ocr_line' id='line_1_30' title="bbox 397 2235 2376 2302; baseline 0.002 -20"><span class='ocrx_word' id='word_1_327' title='bbox 397 2251 544 2300; x_wconf 88' lang='lat' dir='ltr'>neque</span> <span class='ocrx_word' id='word_1_328' title='bbox 577 2250 603 2282; x_wconf 88' lang='lat' dir='ltr'>e</span> <span class='ocrx_word' id='word_1_329' title='bbox 636 2235 876 2286; x_wconf 85' lang='lat' dir='ltr'>voluntate</span> <span class='ocrx_word' id='word_1_330' title='bbox 899 2237 1011 2294; x_wconf 89' lang='lat' dir='ltr'>viri,</span> <span class='ocrx_word' id='word_1_331' title='bbox 1046 2237 1123 2285; x_wconf 89' lang='lat' dir='ltr'>sed</span> <span class='ocrx_word' id='word_1_332' title='bbox 1146 2253 1204 2286; x_wconf 83' lang='lat' dir='ltr'>ex</span> <span class='ocrx_word' id='word_1_333' title='bbox 1227 2238 1334 2286; x_wconf 80' lang='lat' dir='ltr'>Deo</span> <span class='ocrx_word' id='word_1_334' title='bbox 1359 2239 1453 2286; x_wconf 88' lang='lat' dir='ltr'>nati</span> <span class='ocrx_word' id='word_1_335' title='bbox 1478 2238 1614 2286; x_wconf 87' lang='lat' dir='ltr'>sunt&#39;&#39;</span> <span class='ocrx_word' id='word_1_336' title='bbox 1650 2239 1779 2300; x_wconf 87' lang='lat' dir='ltr'>Joh:</span> <span class='ocrx_word' id='word_1_337' title='bbox 1818 2257 1871 2287; x_wconf 91' lang='lat'>1:</span> <span class='ocrx_word' id='word_1_338' title='bbox 1913 2257 1990 2288; x_wconf 84' lang='lat'>12.</span> <span class='ocrx_word' id='word_1_339' title='bbox 2023 2256 2113 2302; x_wconf 84' lang='lat'>13:</span> <span class='ocrx_word' id='word_1_340' title='bbox 2152 2239 2259 2286; x_wconf 86' lang='lat' dir='ltr'>inde</span> <span class='ocrx_word' id='word_1_341' title='bbox 2295 2240 2376 2297; x_wconf 89' lang='lat' dir='ltr'>est,</span> 
     </span>
     <span class='ocr_line' id='line_1_31' title="bbox 395 2301 2377 2368; baseline 0.002 -20"><span class='ocrx_word' id='word_1_342' title='bbox 395 2301 520 2366; x_wconf 87' lang='lat' dir='ltr'>quod</span> <span class='ocrx_word' id='word_1_343' title='bbox 562 2317 647 2366; x_wconf 87' lang='lat' dir='ltr'>per</span> <span class='ocrx_word' id='word_1_344' title='bbox 681 2317 868 2350; x_wconf 88' lang='lat' dir='ltr'>carnem</span> <span class='ocrx_word' id='word_1_345' title='bbox 914 2303 960 2350; x_wconf 90' lang='lat' dir='ltr'>in</span> <span class='ocrx_word' id='word_1_346' title='bbox 1000 2312 1168 2367; x_wconf 84' lang='lat' dir='ltr'>genere</span> <span class='ocrx_word' id='word_1_347' title='bbox 1207 2303 1491 2368; x_wconf 82' lang='lat' dir='ltr'>intelligatur</span> <span class='ocrx_word' id='word_1_348' title='bbox 1528 2306 1683 2353; x_wconf 90' lang='lat' dir='ltr'>omnis</span> <span class='ocrx_word' id='word_1_349' title='bbox 1722 2305 1882 2360; x_wconf 81' lang='lat' dir='ltr'>honio,</span> <span class='ocrx_word' id='word_1_350' title='bbox 1928 2304 2138 2352; x_wconf 84' lang='lat' dir='ltr'>videatur</span> <span class='ocrx_word' id='word_1_351' title='bbox 2171 2320 2199 2351; x_wconf 90' lang='lat' dir='ltr'>n</span> <span class='ocrx_word' id='word_1_352' title='bbox 2227 2322 2238 2351; x_wconf 91' lang='lat'>:</span> <span class='ocrx_word' id='word_1_353' title='bbox 2266 2320 2377 2368; x_wconf 76' lang='lat'>574,</span> 
     </span>
     <span class='ocr_line' id='line_1_32' title="bbox 404 2367 2402 2436; baseline 0.002 -21"><span class='ocrx_word' id='word_1_354' title='bbox 404 2383 531 2431; x_wconf 85' lang='lat'>1050</span> <span class='ocrx_word' id='word_1_355' title='bbox 556 2371 575 2412; x_wconf 73' lang='lat' dir='ltr'>t</span> <span class='ocrx_word' id='word_1_356' title='bbox 596 2388 610 2421; x_wconf 81' lang='lat'>3</span> <span class='ocrx_word' id='word_1_357' title='bbox 647 2383 751 2415; x_wconf 89' lang='lat' dir='ltr'>nam</span> <span class='ocrx_word' id='word_1_358' title='bbox 777 2367 867 2416; x_wconf 86' lang='lat' dir='ltr'>five</span> <span class='ocrx_word' id='word_1_359' title='bbox 890 2369 1130 2418; x_wconf 89' lang='lat' dir='ltr'>hominem</span> <span class='ocrx_word' id='word_1_360' title='bbox 1149 2369 1292 2426; x_wconf 86' lang='lat' dir='ltr'>dicas,</span> <span class='ocrx_word' id='word_1_361' title='bbox 1313 2371 1403 2418; x_wconf 88' lang='lat' dir='ltr'>five</span> <span class='ocrx_word' id='word_1_362' title='bbox 1421 2372 1667 2435; x_wconf 88' lang='lat' dir='ltr'>proprium</span> <span class='ocrx_word' id='word_1_363' title='bbox 1693 2371 1915 2427; x_wconf 90' lang='lat' dir='ltr'>hominis,</span> <span class='ocrx_word' id='word_1_364' title='bbox 1938 2371 2062 2418; x_wconf 86' lang='lat' dir='ltr'>idem</span> <span class='ocrx_word' id='word_1_365' title='bbox 2095 2369 2173 2417; x_wconf 90' lang='lat' dir='ltr'>est.</span> <span class='ocrx_word' id='word_1_366' title='bbox 2228 2371 2375 2436; x_wconf 83' lang='lat' dir='ltr'>Qod</span> <span class='ocrx_word' id='word_1_367' title='bbox 2399 2411 2402 2418; x_wconf 91' lang='lat'><em>.</em></span> 
     </span>
     <span class='ocr_line' id='line_1_33' title="bbox 397 2433 2379 2500; baseline 0.003 -20"><span class='ocrx_word' id='word_1_368' title='bbox 397 2448 481 2498; x_wconf 88' lang='lat' dir='ltr'>per</span> <span class='ocrx_word' id='word_1_369' title='bbox 501 2433 703 2481; x_wconf 85' lang='lat' dir='ltr'>Carnem</span> <span class='ocrx_word' id='word_1_370' title='bbox 727 2434 772 2481; x_wconf 91' lang='lat' dir='ltr'>in</span> <span class='ocrx_word' id='word_1_371' title='bbox 793 2434 1010 2498; x_wconf 89' lang='lat' dir='ltr'>supremo</span> <span class='ocrx_word' id='word_1_372' title='bbox 1032 2434 1156 2484; x_wconf 87' lang='lat' dir='ltr'>sensu</span> <span class='ocrx_word' id='word_1_373' title='bbox 1176 2435 1458 2500; x_wconf 75' lang='lat' dir='ltr'>significetur</span> <span class='ocrx_word' id='word_1_374' title='bbox 1482 2437 1708 2485; x_wconf 90' lang='lat' dir='ltr'>Divinum</span> <span class='ocrx_word' id='word_1_375' title='bbox 1729 2438 1999 2485; x_wconf 88' lang='lat' dir='ltr'>Humanum</span> <span class='ocrx_word' id='word_1_376' title='bbox 2020 2436 2232 2492; x_wconf 85' lang='lat' dir='ltr'>Domini,</span> <span class='ocrx_word' id='word_1_377' title='bbox 2252 2449 2379 2498; x_wconf 88' lang='lat' dir='ltr'>patet</span> 
     </span>
     <span class='ocr_line' id='line_1_34' title="bbox 396 2498 2378 2567; baseline 0.003 -22"><span class='ocrx_word' id='word_1_378' title='bbox 396 2515 424 2545; x_wconf 85' lang='lat' dir='ltr'>a</span> <span class='ocrx_word' id='word_1_379' title='bbox 466 2498 570 2545; x_wconf 91' lang='lat' dir='ltr'>loco</span> <span class='ocrx_word' id='word_1_380' title='bbox 605 2498 740 2564; x_wconf 88' lang='lat' dir='ltr'>supra</span> <span class='ocrx_word' id='word_1_381' title='bbox 779 2499 934 2558; x_wconf 88' lang='lat' dir='ltr'>allat0,</span> <span class='ocrx_word' id='word_1_382' title='bbox 988 2500 1038 2548; x_wconf 77' lang='grc' dir='ltr'>δε</span> <span class='ocrx_word' id='word_1_383' title='bbox 1071 2517 1257 2567; x_wconf 88' lang='lat' dir='ltr'>quoque</span> <span class='ocrx_word' id='word_1_384' title='bbox 1295 2502 1354 2549; x_wconf 91' lang='lat' dir='ltr'>ab</span> <span class='ocrx_word' id='word_1_385' title='bbox 1389 2503 1478 2551; x_wconf 89' lang='lat' dir='ltr'>hoc</span> <span class='ocrx_word' id='word_1_386' title='bbox 1512 2503 1634 2567; x_wconf 89' lang='lat' dir='ltr'>apud</span> <span class='ocrx_word' id='word_1_387' title='bbox 1675 2503 1943 2564; x_wconf 89' lang='lat' dir='ltr'>Johannem</span> <span class='ocrx_word' id='word_1_388' title='bbox 1980 2510 2013 2531; x_wconf 91' lang='lat'><strong>“</strong></span> <span class='ocrx_word' id='word_1_389' title='bbox 2048 2502 2230 2550; x_wconf 85' lang='lat' dir='ltr'>Verbum</span> <span class='ocrx_word' id='word_1_390' title='bbox 2265 2503 2378 2550; x_wconf 75' lang='lat' dir='ltr'>Caro</span> 
     </span>
     <span class='ocr_line' id='line_1_35' title="bbox 388 2565 2378 2634; baseline 0.002 -22"><span class='ocrx_word' id='word_1_391' title='bbox 388 2565 562 2629; x_wconf 57' lang='lat' dir='ltr'>fadum</span> <span class='ocrx_word' id='word_1_392' title='bbox 595 2566 665 2626; x_wconf 88' lang='lat' dir='ltr'>est,</span> <span class='ocrx_word' id='word_1_393' title='bbox 700 2566 751 2614; x_wconf 76' lang='grc' dir='ltr'>δε</span> <span class='ocrx_word' id='word_1_394' title='bbox 785 2566 1004 2616; x_wconf 88' lang='lat' dir='ltr'>habitavit</span> <span class='ocrx_word' id='word_1_395' title='bbox 1037 2567 1084 2615; x_wconf 89' lang='lat' dir='ltr'>in</span> <span class='ocrx_word' id='word_1_396' title='bbox 1110 2567 1262 2626; x_wconf 88' lang='lat' dir='ltr'>nobis,</span> <span class='ocrx_word' id='word_1_397' title='bbox 1298 2568 1349 2616; x_wconf 85' lang='lat'>&amp;</span> <span class='ocrx_word' id='word_1_398' title='bbox 1386 2569 1590 2617; x_wconf 83' lang='lat' dir='ltr'>vidimus</span> <span class='ocrx_word' id='word_1_399' title='bbox 1622 2569 1819 2632; x_wconf 87' lang='lat' dir='ltr'>gloriam</span> <span class='ocrx_word' id='word_1_400' title='bbox 1845 2570 2005 2634; x_wconf 87' lang='lat' dir='ltr'>Ipfius,</span> <span class='ocrx_word' id='word_1_401' title='bbox 2041 2567 2238 2631; x_wconf 86' lang='lat' dir='ltr'>gloriam</span> <span class='ocrx_word' id='word_1_402' title='bbox 2264 2568 2378 2616; x_wconf 90' lang='lat' dir='ltr'>ficut</span> 
     </span>
     <span class='ocr_line' id='line_1_36' title="bbox 397 2630 2380 2695; baseline 0.003 -19"><span class='ocrx_word' id='word_1_403' title='bbox 397 2630 622 2694; x_wconf 87' lang='lat' dir='ltr'>unigeniti</span> <span class='ocrx_word' id='word_1_404' title='bbox 646 2649 672 2680; x_wconf 90' lang='lat' dir='ltr'>a</span> <span class='ocrx_word' id='word_1_405' title='bbox 699 2632 867 2680; x_wconf 86' lang='lat' dir='ltr'>Patre”</span> <span class='ocrx_word' id='word_1_406' title='bbox 903 2649 920 2680; x_wconf 93' lang='lat'>1</span> <span class='ocrx_word' id='word_1_407' title='bbox 947 2651 958 2681; x_wconf 96' lang='lat'><strong>:</strong></span> <span class='ocrx_word' id='word_1_408' title='bbox 989 2651 1066 2694; x_wconf 86' lang='lat'>14,</span> <span class='ocrx_word' id='word_1_409' title='bbox 1103 2650 1160 2682; x_wconf 91' lang='lat' dir='ltr'>ex</span> <span class='ocrx_word' id='word_1_410' title='bbox 1183 2635 1267 2695; x_wconf 84' lang='lat' dir='ltr'>hac</span> <span class='ocrx_word' id='word_1_411' title='bbox 1289 2635 1440 2683; x_wconf 79' lang='lat' dir='ltr'>Carne</span> <span class='ocrx_word' id='word_1_412' title='bbox 1462 2635 1719 2683; x_wconf 86' lang='lat' dir='ltr'>vivificatur</span> <span class='ocrx_word' id='word_1_413' title='bbox 1741 2636 1898 2683; x_wconf 85' lang='lat' dir='ltr'>omnis</span> <span class='ocrx_word' id='word_1_414' title='bbox 1922 2651 2044 2691; x_wconf 83' lang='lat' dir='ltr'>caro,</span> <span class='ocrx_word' id='word_1_415' title='bbox 2085 2635 2174 2681; x_wconf 88' lang='lat' dir='ltr'>hoc</span> <span class='ocrx_word' id='word_1_416' title='bbox 2204 2633 2285 2691; x_wconf 89' lang='lat' dir='ltr'>est,</span> <span class='ocrx_word' id='word_1_417' title='bbox 2323 2651 2380 2682; x_wconf 78' lang='lat' dir='ltr'>ex</span> 
     </span>
     <span class='ocr_line' id='line_1_37' title="bbox 395 2697 2377 2767; baseline 0.002 -23"><span class='ocrx_word' id='word_1_418' title='bbox 395 2697 577 2744; x_wconf 88' lang='lat' dir='ltr'>Divino</span> <span class='ocrx_word' id='word_1_419' title='bbox 610 2699 842 2746; x_wconf 88' lang='lat' dir='ltr'>Humano</span> <span class='ocrx_word' id='word_1_420' title='bbox 863 2700 1061 2748; x_wconf 81' lang='lat' dir='ltr'>Domini</span> <span class='ocrx_word' id='word_1_421' title='bbox 1083 2700 1235 2748; x_wconf 87' lang='lat' dir='ltr'>omnis</span> <span class='ocrx_word' id='word_1_422' title='bbox 1260 2701 1421 2759; x_wconf 86' lang='lat' dir='ltr'>homo,</span> <span class='ocrx_word' id='word_1_423' title='bbox 1456 2718 1540 2767; x_wconf 86' lang='lat' dir='ltr'>per</span> <span class='ocrx_word' id='word_1_424' title='bbox 1569 2701 1997 2766; x_wconf 86' lang='lat' dir='ltr'>appropriationem</span> <span class='ocrx_word' id='word_1_425' title='bbox 2022 2700 2193 2765; x_wconf 80' lang='lat' dir='ltr'>amoris</span> <span class='ocrx_word' id='word_1_426' title='bbox 2215 2701 2377 2764; x_wconf 81' lang='lat' dir='ltr'>Ipfius,</span> 
     </span>
     <span class='ocr_line' id='line_1_38' title="bbox 398 2765 2377 2832; baseline 0.003 -24"><span class='ocrx_word' id='word_1_427' title='bbox 398 2777 507 2825; x_wconf 78' lang='lat' dir='ltr'>quae</span> <span class='ocrx_word' id='word_1_428' title='bbox 539 2765 859 2830; x_wconf 80' lang='lat' dir='ltr'>appropriatio</span> <span class='ocrx_word' id='word_1_429' title='bbox 888 2765 1168 2829; x_wconf 73' lang='lat' dir='ltr'>significatur</span> <span class='ocrx_word' id='word_1_430' title='bbox 1201 2782 1284 2832; x_wconf 91' lang='lat' dir='ltr'>per</span> <span class='ocrx_word' id='word_1_431' title='bbox 1317 2767 1558 2816; x_wconf 87' lang='lat' dir='ltr'>comedere</span> <span class='ocrx_word' id='word_1_432' title='bbox 1595 2769 1794 2816; x_wconf 87' lang='lat' dir='ltr'>Carnem</span> <span class='ocrx_word' id='word_1_433' title='bbox 1833 2768 1943 2815; x_wconf 91' lang='lat' dir='ltr'>Filii</span> <span class='ocrx_word' id='word_1_434' title='bbox 1985 2767 2211 2824; x_wconf 87' lang='lat' dir='ltr'>hominis,</span> <span class='ocrx_word' id='word_1_435' title='bbox 2247 2767 2377 2827; x_wconf 89' lang='lat' dir='ltr'>Joh:</span> 
     </span>
     <span class='ocr_line' id='line_1_39' title="bbox 394 2830 2378 2899; baseline 0.004 -26"><span class='ocrx_word' id='word_1_436' title='bbox 394 2843 448 2874; x_wconf 80' lang='lat' dir='ltr'>vr</span> <span class='ocrx_word' id='word_1_437' title='bbox 475 2844 486 2874; x_wconf 76' lang='lat' dir='ltr'><strong><em>z</em></strong></span> <span class='ocrx_word' id='word_1_438' title='bbox 513 2845 568 2891; x_wconf 88' lang='lat'>51</span> <span class='ocrx_word' id='word_1_439' title='bbox 598 2830 654 2877; x_wconf 89' lang='lat' dir='ltr'>ad</span> <span class='ocrx_word' id='word_1_440' title='bbox 683 2835 742 2894; x_wconf 84' lang='lat'>58</span> <span class='ocrx_word' id='word_1_441' title='bbox 769 2852 784 2887; x_wconf 87' lang='lat'>;</span> <span class='ocrx_word' id='word_1_442' title='bbox 819 2831 871 2878; x_wconf 75' lang='grc' dir='ltr'>δι’</span> <span class='ocrx_word' id='word_1_443' title='bbox 910 2846 994 2896; x_wconf 89' lang='lat' dir='ltr'>per</span> <span class='ocrx_word' id='word_1_444' title='bbox 1034 2832 1277 2881; x_wconf 89' lang='lat' dir='ltr'>comedere</span> <span class='ocrx_word' id='word_1_445' title='bbox 1302 2834 1474 2882; x_wconf 82' lang='lat' dir='ltr'>Panem</span> <span class='ocrx_word' id='word_1_446' title='bbox 1519 2835 1567 2883; x_wconf 88' lang='lat' dir='ltr'>in</span> <span class='ocrx_word' id='word_1_447' title='bbox 1590 2835 1752 2883; x_wconf 74' lang='lat' dir='ltr'>SanCta</span> <span class='ocrx_word' id='word_1_448' title='bbox 1787 2834 1954 2892; x_wconf 87' lang='lat' dir='ltr'>Coena,</span> <span class='ocrx_word' id='word_1_449' title='bbox 1991 2833 2121 2899; x_wconf 86' lang='lat' dir='ltr'>panis</span> <span class='ocrx_word' id='word_1_450' title='bbox 2151 2833 2276 2880; x_wconf 88' lang='lat' dir='ltr'>enirn</span> <span class='ocrx_word' id='word_1_451' title='bbox 2312 2832 2378 2881; x_wconf 86' lang='lat' dir='ltr'>est</span> 
     </span>
    </p>

    <p class='ocr_par' dir='ltr' id='par_1_3' title="bbox 395 2895 2384 3356">
     <span class='ocr_line' id='line_1_40' title="bbox 398 2895 1443 2965; baseline 0.009 -27"><span class='ocrx_word' id='word_1_452' title='bbox 398 2906 566 2956; x_wconf 89' lang='lat' dir='ltr'>corpus</span> <span class='ocrx_word' id='word_1_453' title='bbox 598 2895 668 2944; x_wconf 87' lang='lat' dir='ltr'>seu</span> <span class='ocrx_word' id='word_1_454' title='bbox 693 2914 814 2955; x_wconf 86' lang='lat' dir='ltr'>caro,</span> <span class='ocrx_word' id='word_1_455' title='bbox 854 2898 1013 2946; x_wconf 90' lang='lat' dir='ltr'>Matth</span> <span class='ocrx_word' id='word_1_456' title='bbox 1041 2916 1052 2946; x_wconf 78' lang='grc' dir='ltr'>ε</span> <span class='ocrx_word' id='word_1_457' title='bbox 1075 2915 1188 2948; x_wconf 68' lang='lat' dir='ltr'>xxm</span> <span class='ocrx_word' id='word_1_458' title='bbox 1220 2916 1230 2946; x_wconf 92' lang='lat'>:</span> <span class='ocrx_word' id='word_1_459' title='bbox 1258 2900 1335 2948; x_wconf 84' lang='lat'>26.</span> <span class='ocrx_word' id='word_1_460' title='bbox 1365 2916 1443 2965; x_wconf 85' lang='lat'>27.</span> 
     </span>
     <span class='ocr_line' id='line_1_41' title="bbox 420 2962 2378 3032; baseline 0.003 -27"><span class='ocrx_word' id='word_1_461' title='bbox 420 3028 428 3030; x_wconf 23' lang='lat'><em>⁴</em></span> <span class='ocrx_word' id='word_1_462' title='bbox 464 2962 608 3020; x_wconf 85' lang='lat'>3814.</span> <span class='ocrx_word' id='word_1_463' title='bbox 642 2963 704 3011; x_wconf 90' lang='lat' dir='ltr'>Et</span> <span class='ocrx_word' id='word_1_464' title='bbox 730 2963 948 3012; x_wconf 83' lang='lat' dir='ltr'>habitavit</span> <span class='ocrx_word' id='word_1_465' title='bbox 971 2981 1076 3013; x_wconf 89' lang='lat' dir='ltr'>cum</span> <span class='ocrx_word' id='word_1_466' title='bbox 1111 2982 1167 3013; x_wconf 87' lang='lat' dir='ltr'>eo</span> <span class='ocrx_word' id='word_1_467' title='bbox 1198 2965 1401 3014; x_wconf 85' lang='lat' dir='ltr'>mensem</span> <span class='ocrx_word' id='word_1_468' title='bbox 1431 2967 1641 3030; x_wconf 79' lang='lat' dir='ltr'>dierum,</span> <span class='ocrx_word' id='word_1_469' title='bbox 1666 2967 1789 3032; x_wconf 91' lang='lat' dir='ltr'>quod</span> <span class='ocrx_word' id='word_1_470' title='bbox 1816 2967 2041 3031; x_wconf 71' lang='lat' dir='ltr'>significet</span> <span class='ocrx_word' id='word_1_471' title='bbox 2073 2967 2185 3015; x_wconf 78' lang='lat' dir='ltr'>vitae</span> <span class='ocrx_word' id='word_1_472' title='bbox 2216 2965 2378 3012; x_wconf 84' lang='lat' dir='ltr'>statum</span> 
     </span>
     <span class='ocr_line' id='line_1_42' title="bbox 397 3028 2378 3099; baseline 0.003 -29"><span class='ocrx_word' id='word_1_473' title='bbox 397 3037 588 3083; x_wconf 86' lang='lat' dir='ltr'>novum,</span> <span class='ocrx_word' id='word_1_474' title='bbox 622 3028 796 3076; x_wconf 81' lang='lat' dir='ltr'>constat</span> <span class='ocrx_word' id='word_1_475' title='bbox 829 3047 856 3077; x_wconf 90' lang='lat' dir='ltr'>a</span> <span class='ocrx_word' id='word_1_476' title='bbox 883 3029 1218 3099; x_wconf 79' lang='lat' dir='ltr'>fignificatione</span> <span class='ocrx_word' id='word_1_477' title='bbox 1244 3032 1466 3092; x_wconf 87' lang='lat' dir='ltr'>habitare,</span> <span class='ocrx_word' id='word_1_478' title='bbox 1502 3034 1628 3099; x_wconf 91' lang='lat' dir='ltr'>quod</span> <span class='ocrx_word' id='word_1_479' title='bbox 1664 3035 1720 3082; x_wconf 87' lang='lat' dir='ltr'>fit</span> <span class='ocrx_word' id='word_1_480' title='bbox 1748 3034 1861 3092; x_wconf 88' lang='lat' dir='ltr'>vita,</span> <span class='ocrx_word' id='word_1_481' title='bbox 1895 3034 1953 3080; x_wconf 91' lang='lat' dir='ltr'>de</span> <span class='ocrx_word' id='word_1_482' title='bbox 1988 3050 2077 3099; x_wconf 88' lang='lat' dir='ltr'>qua</span> <span class='ocrx_word' id='word_1_483' title='bbox 2112 3049 2140 3078; x_wconf 91' lang='lat' dir='ltr'>n</span> <span class='ocrx_word' id='word_1_484' title='bbox 2179 3050 2190 3078; x_wconf 91' lang='lat'><strong>:</strong></span> <span class='ocrx_word' id='word_1_485' title='bbox 2239 3046 2378 3093; x_wconf 84' lang='lat'><strong>1²93·</strong></span> 
     </span>
     <span class='ocr_line' id='line_1_43' title="bbox 399 3092 2378 3164; baseline 0.003 -22"><span class='ocrx_word' id='word_1_486' title='bbox 399 3094 542 3150; x_wconf 82' lang='lat'><strong>3384·</strong></span> <span class='ocrx_word' id='word_1_487' title='bbox 580 3092 738 3155; x_wconf 78' lang='lat'>36133</span> <span class='ocrx_word' id='word_1_488' title='bbox 784 3093 836 3140; x_wconf 71' lang='grc' dir='ltr'>ὅτ</span> <span class='ocrx_word' id='word_1_489' title='bbox 874 3108 932 3142; x_wconf 67' lang='grc' dir='ltr'>ωε</span> <span class='ocrx_word' id='word_1_490' title='bbox 966 3097 1295 3158; x_wconf 83' lang='lat' dir='ltr'>fignificatione</span> <span class='ocrx_word' id='word_1_491' title='bbox 1332 3100 1498 3148; x_wconf 82' lang='lat' dir='ltr'>mensis</span> <span class='ocrx_word' id='word_1_492' title='bbox 1532 3101 1731 3159; x_wconf 88' lang='lat' dir='ltr'>dierum,</span> <span class='ocrx_word' id='word_1_493' title='bbox 1779 3099 1906 3164; x_wconf 92' lang='lat' dir='ltr'>quod</span> <span class='ocrx_word' id='word_1_494' title='bbox 1942 3100 1993 3147; x_wconf 85' lang='lat' dir='ltr'>fit</span> <span class='ocrx_word' id='word_1_495' title='bbox 2030 3100 2164 3146; x_wconf 89' lang='lat' dir='ltr'>status</span> <span class='ocrx_word' id='word_1_496' title='bbox 2202 3111 2378 3147; x_wconf 78' lang='lat' dir='ltr'>novus3</span> 
     </span>
     <span class='ocr_line' id='line_1_44' title="bbox 395 3154 2381 3228; baseline 0.004 -29"><span class='ocrx_word' id='word_1_497' title='bbox 395 3154 521 3217; x_wconf 87' lang='lat' dir='ltr'>quod</span> <span class='ocrx_word' id='word_1_498' title='bbox 556 3159 713 3206; x_wconf 87' lang='lat' dir='ltr'>omnia</span> <span class='ocrx_word' id='word_1_499' title='bbox 746 3170 955 3224; x_wconf 87' lang='lat' dir='ltr'>tempora</span> <span class='ocrx_word' id='word_1_500' title='bbox 988 3162 1075 3210; x_wconf 81' lang='lat' dir='ltr'>sint</span> <span class='ocrx_word' id='word_1_501' title='bbox 1107 3163 1261 3219; x_wconf 76' lang='lat' dir='ltr'>statuS,</span> <span class='ocrx_word' id='word_1_502' title='bbox 1307 3165 1514 3214; x_wconf 89' lang='lat' dir='ltr'>videatur</span> <span class='ocrx_word' id='word_1_503' title='bbox 1549 3183 1579 3212; x_wconf 91' lang='lat' dir='ltr'>n</span> <span class='ocrx_word' id='word_1_504' title='bbox 1618 3184 1629 3213; x_wconf 74' lang='grc' dir='ltr'><strong><em>ε</em></strong></span> <span class='ocrx_word' id='word_1_505' title='bbox 1677 3181 1817 3228; x_wconf 82' lang='lat'>1274.</span> <span class='ocrx_word' id='word_1_506' title='bbox 1865 3169 2006 3228; x_wconf 84' lang='lat'>1382.</span> <span class='ocrx_word' id='word_1_507' title='bbox 2051 3165 2194 3224; x_wconf 84' lang='lat'><strong>2625.</strong></span> <span class='ocrx_word' id='word_1_508' title='bbox 2235 3164 2381 3223; x_wconf 77' lang='lat'><em>2788.-</em></span> 
     </span>
     <span class='ocr_line' id='line_1_45' title="bbox 399 3223 2381 3295; baseline 0.001 -21"><span class='ocrx_word' id='word_1_509' title='bbox 399 3223 541 3284; x_wconf 74' lang='lat'><em>2837·</em></span> <span class='ocrx_word' id='word_1_510' title='bbox 581 3237 724 3286; x_wconf 84' lang='lat'><strong>3254.</strong></span> <span class='ocrx_word' id='word_1_511' title='bbox 763 3226 909 3290; x_wconf 84' lang='lat'><strong><em>3356.</em></strong></span> <span class='ocrx_word' id='word_1_512' title='bbox 946 3244 1092 3292; x_wconf 87' lang='lat'>3404,</span> <span class='ocrx_word' id='word_1_513' title='bbox 1129 3228 1190 3276; x_wconf 90' lang='lat' dir='ltr'>ita</span> <span class='ocrx_word' id='word_1_514' title='bbox 1218 3231 1343 3288; x_wconf 87' lang='lat' dir='ltr'>anni,</span> <span class='ocrx_word' id='word_1_515' title='bbox 1391 3231 1568 3280; x_wconf 88' lang='lat' dir='ltr'>menses</span> <span class='ocrx_word' id='word_1_516' title='bbox 1602 3233 1654 3280; x_wconf 78' lang='grc' dir='ltr'>δε</span> <span class='ocrx_word' id='word_1_517' title='bbox 1689 3231 1822 3286; x_wconf 86' lang='lat' dir='ltr'>dies;</span> <span class='ocrx_word' id='word_1_518' title='bbox 1869 3230 2021 3295; x_wconf 86' lang='lat' dir='ltr'>quales</span> <span class='ocrx_word' id='word_1_519' title='bbox 2055 3241 2206 3278; x_wconf 87' lang='lat' dir='ltr'>autem</span> <span class='ocrx_word' id='word_1_520' title='bbox 2244 3226 2381 3272; x_wconf 76' lang='lat' dir='ltr'>status</span> 
     </span>
     <span class='ocr_line' id='line_1_46' title="bbox 2102 3292 2384 3356; baseline -0.014 -16"><span class='ocrx_word' id='word_1_521' title='bbox 2102 3292 2384 3356; x_wconf 76' lang='lat' dir='ltr'>significent,</span> 
     </span>
    </p>

    <p class='ocr_par' dir='ltr' id='par_1_4' title="bbox 1386 3377 1413 3409">
     <span class='ocr_line' id='line_1_47' title="bbox 1386 3377 1413 3409; baseline 0 0"><span class='ocrx_word' id='word_1_522' title='bbox 1386 3377 1413 3409; x_wconf 88' lang='lat'>2</span> 
     </span>
    </p>
   </div>
  </div>
 </body>
</html>
