2904 3750
492 213 632 275 332
1014 190 1075 256 G
1169 194 1230 257 E
1323 193 1408 257 N
1493 191 1553 255 E
1648 192 1699 257 s
1793 191 1988 258 J.S.

497 342 732 395 praecepto
755 330 865 394 agit,
902 329 974 378 sed
999 347 1054 378 ex
1078 331 1302 387 charitate,
1340 331 1427 378 hoc
1461 329 1539 387 est,
1577 324 1915 389 ex'affectione,
1954 333 1989 380 is
2015 347 2070 378 ex
2094 331 2248 390 corde,
2286 331 2346 380 ita
2370 348 2425 379 ex
2447 332 2500 382 li-

500 396 623 452 bero,
661 399 772 460 agit,
809 399 858 446 δε
882 399 1058 461 quoties
1081 400 1190 461 agit,
1226 415 1280 445 ex
1306 397 1400 462 ipso
1426 398 1545 445 velle
1575 397 1749 461 bonum
1784 400 1980 455 inchoat,
2019 400 2078 446 ita
2116 414 2171 445 ex
2206 415 2260 446 eo
2294 401 2419 463 quod
2460 401 2500 448 ei

498 462 552 509 fit
573 462 866 527 jucundum3
904 468 950 511 δι
977 466 1081 527 qnia
1107 467 1150 511 in
1175 464 1384 529 jucundo
1417 464 1548 514 habet
1581 467 2002 523 remunerationem,
2040 481 2129 513 non
2156 465 2211 513 de
2237 469 2399 513 merito
2423 480 2501 512 co-

500 532 647 591 gitat;
684 531 790 578 inde
824 547 943 578 nunc
985 531 1181 579 constare
1215 531 1377 595 potest,
1413 548 1519 595 qun
1552 531 1801 580 differentia
1826 533 1877 580 s1t
1910 531 2051 580 facere
2087 532 2260 579 bonum
2292 546 2350 580 ex
2391 532 2498 588 fide,

501 596 552 643 &
575 613 632 649 ex
656 597 883 655 charitate,
918 599 965 644 δε
991 598 1116 660 quod
1148 598 1211 644 illi
1254 599 1514 645 remotiores
1551 598 1637 646 smt
1672 615 1810 663 quam
1835 600 1881 647 hi
1905 599 1960 646 ab
1985 598 2080 663 ipso
2117 598 2254 656 bono,
2291 599 2418 662 quod
2442 598 2504 646 est

504 663 733 711 Dominus
754 686 767 719 ·,
804 665 868 712 illi
893 680 973 710 nec
999 662 1123 710 facile
1147 665 1374 712 introduci
1398 666 1444 712 in
1470 665 1643 713 bonum
1679 665 1897 713 charitatis
1924 666 2059 729 usque
2084 665 2140 712 ad
2164 667 2502 730 perceptionem

488 729 698 791 possunt,
733 732 840 793 quia
859 746 1020 794 parurn
1047 732 1092 776 in
1119 732 1234 777 veris
1258 730 1373 788 sunt,
1412 747 1516 778 narn
1546 733 1592 778 in
1633 732 1747 780 illud
1787 733 1959 780 bonum
1991 748 2128 778 nemo
2166 733 2391 778 introduci
2423 747 2507 795 po-

503 795 602 853 test,
640 796 716 843 nifi
741 798 865 860 prius
889 796 1108 844 eradicata
1132 796 1232 844 sunt
1256 813 1349 845 non
1373 813 1492 855 vera,
1519 799 1645 863 quod
1669 799 1763 847 fieri
1788 800 1960 864 nequit,
1986 800 2100 846 dum
2126 814 2217 845 non
2243 814 2346 845 vera
2368 797 2506 862 usque

475 862 559 910 ..ad
595 862 919 926 persuasionem
946 863 1179 910 irradicata
1202 863 1318 911 sunt.

574 932 715 992 3464.
752 929 816 976 Et
840 930 1151 977 indicaverunt
1185 932 1225 976 ei
1262 930 1391 993 super
1422 930 1568 980 causas
1608 933 1733 996 putei
1773 940 1912 996 quem
1947 929 2176 988 foderunt,
2213 932 2262 979 &
2292 931 2503 978 dixerunt

502 995 760 1043 invenimus
785 1011 938 1058 aquas,
974 996 1101 1059 quod
1134 996 1356 1059 significet
1378 1014 1482 1046 vera
1506 1000 1715 1046 interiora
1747 1014 1827 1063 per
1850 998 1940 1056 illa,
1978 997 2151 1046 constat
2188 1013 2245 1044 ex
2282 997 2505 1061 fignifica-

502 1063 626 1110 tione
664 1063 808 1125 putei,
860 1063 985 1124 quod
1025 1062 1079 1110 fit
1102 1062 1326 1120 Verbum,
1362 1064 1419 1112 de
1441 1080 1532 1127 qua
1564 1081 1593 1112 n
1615 1083 1625 1113 :
1651 1083 1815 1129 34243
1853 1066 1900 1113 &
1931 1080 1989 1112 ex
2021 1064 2345 1128 significatione
2370 1078 2505 1126 aqua·

474 1177 479 1180 ,
504 1145 627 1184 rum,
664 1129 790 1191 quod
816 1127 1043 1186 sint-vera,
1080 1128 1137 1175 de
1160 1145 1251 1192 qua
1273 1145 1330 1179 n:
1360 1145 1505 1194 2702,
1542 1132 1707 1194 nempe
1731 1147 1836 1194 quae
1862 1146 1916 1177 ex
1939 1130 2095 1178 Verbo
2116 1152 2130 1186 ;
2167 1131 2226 1177 ita
2249 1130 2444 1176 indicare
2467 1129 2508 1175 ei

504 1194 634 1258 super
673 1193 819 1242 causas
856 1195 980 1257 putei
1010 1210 1155 1258 quem
1183 1193 1413 1252 foderunt,
1450 1195 1672 1260 fignificat
1695 1196 1753 1243 de
1768 1195 1924 1243 Verbo
1945 1212 2002 1242 ex
2025 1212 2120 1259 quo
2144 1195 2421 1249 doctrinalia,
2458 1195 2508 1242 &

502 1262 716 1308 dixerunt
750 1261 1007 1308 invenimus
1047 1277 1200 1324 aquas,
1236 1261 1461 1325 fignificat
1500 1263 1628 1326 quod
1669 1263 1716 1309 in
1756 1261 1859 1319 illis,
1897 1277 2060 1325 nempe
2094 1263 2138 1308 in
2168 1260 2509 1317 doctrinalibus,

480 1343 609 1379 ,vera
647 1329 887 1383 interiora;
913 1382 917 1386 ,
940 1327 1041 1375 sunt
1075 1329 1217 1385 enim,
1268 1341 1320 1381 ut
1357 1327 1487 1393 supra
1526 1329 1721 1385 dictum,
1770 1330 1816 1377 in
1849 1328 2063 1377 omnibus
2103 1322 2423 1375 doctrinalibus
2455 1342 2513 1373 ex

504 1389 657 1441 Verbi‘
684 1394 805 1441 sensu
829 1394 987 1441 literali
1018 1393 1267 1458 desumptis
1290 1411 1396 1443 vera
1426 1396 1666 1452 interiora;
1701 1395 1840 1443 Verbi
1886 1395 2007 1443 enim
2050 1393 2193 1442 sensus
2233 1393 2410 1441 literalis
2450 1391 2514 1440 est

495 1461 617 1509 ‘sicut
641 1475 802 1525 puteus
816 1463 873 1508 'in
898 1477 992 1526 quo
1014 1477 1142 1526 aqua,
1180 1478 1284 1509 nam
1319 1463 1363 1509 in
1397 1462 1611 1511 omnibus
1635 1464 1684 1510 δε
1708 1461 1893 1527 fingulis
1916 1461 2057 1510 Verbi
2092 1460 2156 1508 est
2196 1458 2339 1508 sensus
2374 1462 2511 1507 inter·
2584 1489 2589 1493 κ

477 1582 481 1589 .
505 1544 608 1584 nus,
644 1531 725 1591 qui
748 1543 932 1591 quoque
956 1526 1018 1574 est
1043 1529 1087 1575 in
1112 1528 1433 1577 docirinalibus
1457 1545 1563 1593 quae
1590 1546 1645 1578 ex
1660 1529 1854 1577 Verbo:
1893 1530 1953 1576 ita
1974 1528 2014 1576 se
2038 1527 2170 1576 habet
2193 1543 2300 1574 cum
2324 1526 2510 1575 Doctri-

505 1595 679 1641 nalibus
703 1610 808 1657 quae
831 1610 888 1640 ex
912 1593 1033 1641 sensu
1058 1594 1215 1642 literali
1239 1595 1397 1652 Verbi,
1433 1595 1560 1658 quod
1590 1611 1700 1642 cum
1734 1596 1875 1643 homo
1905 1596 1950 1641 in
1980 1595 2064 1642 illis
2097 1594 2178 1650 est,
2214 1595 2263 1641 δε
2295 1591 2428 1640 fimul
2465 1592 2512 1638 in

505 1660 601 1708 vita
637 1660 1024 1716 secundum‘illa‘,
1066 1662 1112 1707 in
1154 1659 1194 1707 se
1233 1660 1388 1707 habeat
1427 1660 1899 1724 correspondentiam.·‚
1936 1660 2108 1724 Angeli
2133 1660 2253 1707 enim
2287 1662 2367 1721 qui
2388 1657 2512 1721 apud

471 1774 477 1784 ,
506 1725 657 1783 illum,
694 1727 739 1773 in
765 1728 878 1772 veris
912 1725 1196 1772 interioribus
1222 1725 1338 1786 sunt,
1374 1742 1479 1773 cum
1507 1727 1543 1773 is
1574 1729 1619 1773 in
1643 1725 1954 1781 exterioribus,
1991 1727 2050 1772 ita
2083 1725 2217 1772 habet
2248 1725 2508 1771 communi-

476 1839 480 1844 ,
506 1793 729 1840 cationem
755 1807 836 1855 per
865 1791 1125 1838 doclrinalia
1161 1807 1283 1855 cumr
1301 1789 1440 1848 coelo,
1476 1791 1550 1838 sed
1573 1790 1819 1840 secundum
1854 1791 1945 1838 suae
1969 1794 2078 1839 vitae
2103 1791 2308 1839 bonum:
2346 1803 2398 1837 ut
2422 1805 2508 1853 pro

505 1859 736 1921 exemplo,
772 1873 877 1905 curn
920 1859 966 1904 in
990 1858 1122 1905 Sacra
1144 1859 1293 1905 Coena
1322 1857 1592 1922 ,simpliciter
1627 1859 1798 1921 cogitat
1835 1858 1891 1904 de
1914 1858 2139 1912 Domino,
2174 1872 2232 1903 ex
2256 1855 2402 1902 verbis
2424 1856 2506 1911 ibi,

471 1973 474 1976 ,
509 1929 546 1953 “
583 1926 694 1973 Hoc
727 1923 789 1971 est
814 1925 993 1987 Corpus
1026 1929 1183 1971 meum
1214 1925 1262 1972 &
1287 1923 1360 1972 hic
1382 1924 1445 1972 est
1468 1925 1659 1987 Sanguis
1682 1924 1859 1979 meus,”
1894 1933 2004 1969 tunc
2027 1921 2199 1985 Angeli
2231 1921 2352 1985 apud
2376 1920 2509 1967 illurn

507 1991 611 2050 sunt
633 1992 680 2039 in
703 1991 802 2038 idea
823 1992 988 2038 amoris
1012 1991 1058 2037 in
1080 1992 1339 2038 Dominum
1365 1992 1414 2039 &
1438 1990 1679 2038 Charitatis
1718 2005 1824 2053 erga
1860 1990 2148 2052 proximum,
2184 2003 2292 2036 nam
2315 1987 2511 2051 Corpori

470 2107 474 2109 ,
509 2058 704 2117 Domini
735 2058 786 2105 ὅτ
808 2057 921 2105 Pani
958 2057 1274 2121 correspondet
1305 2070 1435 2104 amor
1473 2056 1520 2104 in
1556 2055 1834 2112 Dominum,
1869 2071 1919 2103 ac
1944 2055 2164 2119 Sanguini
2186 2055 2236 2103 ὅτ
2260 2054 2386 2102 Vino
2409 2068 2510 2101 cor-

508 2123 747 2188 respondet
785 2123 987 2171 Charitas
1027 2139 1133 2187 erga
1172 2122 1457 2187 proximum,
1509 2138 1568 2171 n:
1602 2127 1739 2190 1798.
1764 2122 1906 2185 2165.
1936 2138 2079 2186 2177.
2117 2126 2267 2185 2187,
2314 2122 2360 2168 &
2402 2121 2510 2184 quia

509 2190 608 2238 talis
622 2190 694 2249 ‘est
716 2189 1134 2252 correspondentia,
1157 2205 1182 2236 e
1204 2188 1328 2239 coelo
1348 2204 1429 2252 per
1451 2189 1667 2253 Angelos·
1681 2188 1831 2241 influit
1854 2190 1901 2236 in
1933 2188 2046 2234 illud
2083 2187 2286 2235 sanctum
2326 2187 2372 2233 in
2412 2201 2510 2250 quo

508 2268 619 2304 tunc
643 2256 707 2305 est
728 2256 869 2304 horno
893 2254 1087 2313 affectio,-
1130 2270 1271 2322 quam
1311 2253 1561 2307 secundum
1599 2256 1709 2303 vitae
1748 2254 1839 2302 suae
1878 2254 2053 2302 bonum
2093 2254 2287 2318 recipit;
2327 2251 2508 2315 Angeli

507 2325 634 2371 enim
657 2323 859 2371 habitant
879 2321 1002 2385 apud
1025 2322 1384 2386 unumquemvis
1407 2321 1453 2369 in
1478 2319 1574 2386 ejus
1595 2323 1707 2370 vitae
1729 2321 1980 2378 affectione,
2016 2321 2079 2368 ita
2108 2321 2156 2368 in
2189 2318 2508 2367 doctrinalium

465 2439 468 2441 .
509 2389 759 2439 secundum
783 2405 888 2453 quae
910 2389 1041 2445 vivit,
1078 2387 1300 2452 nusquam
1323 2404 1350 2435 a
1369 2388 1534 2452 quibus
1557 2389 1652 2436 vita
1683 2387 1917 2452 discrepat,
1954 2387 1986 2434 fi
2009 2388 2105 2435 vita
2127 2385 2364 2449 discrepat,
2398 2387 2453 2431 ut
2474 2382 2508 2430 s1

508 2455 564 2504 fit
587 2457 634 2504 in
657 2455 892 2504 affectione
915 2454 1118 2503 lucrandi
1140 2455 1332 2503 honores
1348 2455 1398 2503 &
1420 2456 1533 2519 opes
1551 2471 1632 2520 per
1653 2454 1933 2511 doctrinalia,
1969 2465 2079 2501 tunc
2103 2453 2322 2501 recedunt
2341 2449 2507 2514 angeli,

467 2570 472 2574 ,
508 2523 560 2570 &
600 2523 647 2570 in
685 2522 919 2570 affectione
959 2521 1033 2568 illa
1067 2521 1270 2569 habitant
1306 2519 1556 2580 infernales,
1591 2523 1671 2585 qui
1696 2521 1769 2569 vel
1802 2519 2050 2568 infundunt
2073 2522 2115 2567 ei
2138 2518 2510 2568 confirmationes

469 2626 471 2628 -
509 2589 695 2637 illorum
719 2587 785 2635 sui
809 2589 858 2635 &
883 2587 1045 2635 mundi
1068 2586 1210 2646 causa,
1244 2588 1305 2635 ita
1327 2587 1469 2635 fidem
1491 2586 1805 2651 persuafi'vam,
1840 2598 1948 2651 que
1970 2586 2069 2634 talis
2091 2585 2153 2639 est
2176 2597 2226 2631 ut
2250 2583 2359 2629 nihil
2379 2592 2508 2628 curet

468 2700 473 2709 ,
511 2670 626 2702 num
649 2670 812 2701 verum
845 2653 899 2700 fit
921 2653 995 2699 vel
1019 2651 1196 2709 falsum,
1233 2653 1377 2700 modo
1416 2665 1598 2715 captent
1637 2652 1956 2707 animosgvel
1981 2665 2168 2701 ornnem
2204 2648 2344 2695 fidem
2381 2645 2505 2693 ause-

471 2756 473 2759 ·
511 2733 637 2778 runt,
672 2724 720 2770 δι
741 2722 854 2766 'tunc
878 2718 1080 2765 doctrina
1103 2719 1192 2766 oris
1213 2716 1307 2780 ejus
1338 2717 1402 2766 est
1425 2718 1568 2768 modo
1591 2715 1724 2766 sonus
1747 2717 1804 2765 ab
1833 2719 1943 2780 igr—e
1971 2730 2178 2777 amorum
2215 2713 2404 2761 istorum
2427 2727 2507 2759 ex·

512 2788 674 2835 citatus
697 2788 745 2832 ὅτ.
772 2783 1071 2833 modificatus.
1557 2815 1563 2820 ψ
1835 2798 1856 2822 ’.
2107 2809 2110 2812 ·

468 2889 474 2892 „
583 2851 726 2916 3465.
762 2851 827 2898 Et
851 2850 1032 2897 vocavit
1055 2848 1187 2895 illum
1211 2848 1420 2905 Schibba,
1455 2847 1844 2912 quod-'fignifice't
1881 2846 2140 2896 confirmati
2161 2845 2256 2908 veri
2287 2843 2504 2908 conjunc-

467 2956 471 2959 .
510 2919 685 2970 tionem
724 2933 804 2980 per
842 2916 934 2970 illa,
984 2914 1156 2962 constat
1193 2930 1219 2961 a
1254 2914 1581 2978 significatione
1614 2920 1794 2970 vocare,
1845 2929 2011 2977 nempe
2052 2912 2254 2968 nomine,
2290 2911 2417 2975 quod
2452 2911 2506 2957 fit

509 2984 659 3049 quale,
694 2983 751 3030 de
781 2998 871 3046 qua
894 2999 950 3030 n:
983 2998 1090 3041 1-44.
1117 2996 1222 3044 145.
1248 2997 1387 3044 1754.
1413 2981 1549 3045 1896.
1572 2997 1715 3045 2009.
1738 2996 1882 3043 3421,
1918 2980 1977 3026 ita
1999 2978 2128 3043 quod
2163 2977 2348 3025 nomina
2370 2977 2506 3040 figni-

508 3052 651 3102 ficent
672 3065 768 3099 rem
793 3048 865 3096 seu
887 3047 1069 3104 statum,
1103 3063 1164 3094 n:
1198 3045 1335 3110 1946.
1357 3047 1506 3110 2543·
1535 3063 1680 3109 3422,
1716 3045 1789 3092 hic
1812 3045 1963 3110 itaque
1999 3043 2256 3094 confirmati
2279 3045 2372 3090 veri
2397 3059 2506 3090 con-

502 3116 790 3188 junctionem
813 3131 893 3179 per
915 3114 1006 3171 illa,
1042 3129 1206 3176 nempe
1242 3129 1323 3176 per
1356 3113 1647 3160 doctrinalia:
1685 3111 1880 3159 Schibba
1902 3113 2025 3160 enim
2048 3115 2095 3159 in
2119 3111 2274 3174 lingua
2297 3109 2506 3173 originali

509 3183 575 3241 est
588 3181 921 3254 juramentum,
956 3178 1084 3247 quod
1104 3179 1330 3249 fignificat
1348 3179 1766 3238 confirmationem,
1790 3183 1846 3228 n:
1879 3182 2022 3242 2842.
2050 3194 2211 3250 3375:
2248 3175 2507 3251 confirmati

2412 3253 2508 3291 Ver).
