2904 3750
548 215 908 281 CAPUT
960 189 1568 281 VIGESIMUM
1624 212 2140 298 QUINTUM.
2233 231 2366 297 255

352 343 534 402 tatione,
570 344 617 391 in
641 360 732 409 qua
755 344 879 402 sunt,
909 358 1019 392 cum
1050 342 1107 389 de
1128 341 1306 389 Divino
1326 341 1524 389 Domini
1559 339 2021 405 quoad-Humanum
2057 342 2191 389 fimul
2229 341 2365 389 datur

349 411 436 460 illis
460 411 688 475 cogitare:
725 412 889 467 homo,
921 410 1003 474 qui
1038 407 1103 455 est
1141 409 1189 454 in
1229 407 1370 464 bono,
1422 408 1474 454 δι
1513 409 1560 455 in
1600 423 1698 470 quo
1722 406 2008 470 Angelicum
2047 407 2162 455 dum
2208 407 2273 455 est
2313 408 2365 455 in

348 495 558 543 corpore,
593 480 731 526 etiam
759 478 907 540 aliqua
939 477 1039 522 luce
1061 490 1087 520 a
1109 474 1322 522 Domino
1350 476 1397 520 in
1421 473 1491 520 his
1512 475 1565 521 δε
1586 473 1807 521 similibus
1831 473 2062 528 donatur,
2097 487 2142 520 at
2163 475 2243 537 qui
2267 490 2364 521 non
2393 492 2399 495 Χ

347 547 396 593 in
421 545 545 593 bono
565 544 645 601 est,
680 543 876 590 medium
899 541 1046 599 sentit,
1082 556 1194 588 cum
1216 540 1274 588 de
1295 539 1460 605 taiibus
1483 541 1672 604 cogitat,
1708 541 1757 587 ὅτ
1781 539 1977 587 taedium
2000 555 2057 587 eo
2079 538 2243 603 majus,
2268 556 2365 603 quo

348 612 454 677 plus
477 613 534 658 de
555 611 643 664 illis
665 608 838 672 cogitat
859 608 1081 672 applicate
1101 607 1159 654 ad
1182 608 1412 655 Divinum
1434 607 1566 670 quod
1587 608 1817 655 Humano
1841 607 2034 653 Domini
2056 628 2073 662 ·,
2105 609 2186 669 qui
2210 608 2363 669 itaque

348 679 456 727 tales
478 677 597 734 sunt,
620 675 821 740 praessnt,
857 688 909 722 ut
931 676 1138 722 animum
1163 687 1430 722 removeant
1446 674 1568 730 inde,
1605 689 1711 720 nam
1737 673 1851 721 nihil
1872 672 2011 736 usque
2034 675 2238 736 capiunt,
2263 675 2363 718 imo

315 792 319 795 ⁴
347 743 572 809 rejiciunt,
606 742 803 810 dicendo
824 742 981 800 corde,
1016 742 1131 807 quid
1155 742 1270 789 mihi
1292 741 1398 800 hoc,
1434 757 1528 789 non
1551 741 1658 788 inde
1682 740 1796 788 mihi
1821 741 1984 797 honor,
2020 755 2102 787 nec
2126 739 2232 787 inde
2249 739 2365 785 mihi

347 813 546 860 lucrum
603 847 611 852 ,

417 892 562 942 3315·
597 874 842 941 Vers:‚29.
871 893 947 940 30.
1010 877 1076 923 Et
1112 878 1227 924 coxit
1261 876 1403 940 Jacob
1433 875 1615 938 pultem,
1650 875 1707 923 ὅς’
1730 877 1853 922 venit
1876 875 1997 938 Esau
2018 873 2069 922 de
2087 889 2210 936 agro,
2245 872 2301 922 ΕΘ
2323 874 2364 919 is

345 944 483 1013 Iqll'us.
505 986 516 991 -
556 944 622 990 Et
652 943 764 991 dixit
789 944 910 1006 Esau
940 942 1001 991 ad
1020 944 1248 1004 Jacobum,
1275 942 1355 1006 fac
1377 943 1484 990 mihi
1496 943 1667 1006 sorbere
1688 942 1822 1006 quaeso
1845 957 1866 990 e
1887 942 2035 999 rubro,
2067 941 2243 988 rubrum
2266 940 2368 996 hoc,

345 1015 447 1078 quia
469 1009 595 1075 laffus
616 1026 688 1073 ego
709 1033 725 1066 ·‚
753 1021 982 1072 propterea
1004 1012 1184 1058 vocavit
1206 1025 1355 1057 nomen
1373 1010 1461 1074 gius
1482 1010 1632 1058 Edom.
1703 1009 1846 1056 Coxit
1868 1007 2017 1070 Jacob
2035 1007 2232 1071 pultem,
2258 1006 2359 1070 fig-

346 1079 502 1126 nificat
539 1078 858 1124 doctrinalium
905 1078 1196 1141 congeriem:
1230 1077 1283 1124 &
1307 1078 1435 1124 venit
1458 1075 1578 1124 Esau
1619 1076 1678 1124 de
1715 1091 1844 1139 agro,
1889 1075 2115 1138 fignificat
2152 1073 2359 1121 studium

346 1145 456 1193 boni
480 1147 593 1192 vitae
612 1162 623 1192 ε
661 1145 710 1192 &
732 1146 770 1191 is
794 1143 940 1202 lassus,
976 1144 1199 1208 fignificat
1221 1143 1389 1190 statum
1412 1157 1617 1207 pugnae:
1654 1141 1720 1192 Et
1743 1143 1864 1189 dixit
1887 1141 2009 1189 Esau
2030 1141 2089 1188 ad
2110 1140 2362 1202 Jacobum,

346 1212 570 1275 fignificat
608 1211 951 1275 perceptionem
972 1212 1168 1258 Domini
1191 1226 1248 1257 ex
1272 1210 1396 1258 bono
1427 1210 1666 1258 naturalis:
1702 1208 1771 1256 fac
1803 1209 1917 1256 mihi
1949 1207 2124 1256 sorbere
2153 1205 2311 1271 quaeso
2334 1223 2364 1254 e

346 1269 505 1335 rubro,
541 1277 764 1340 fignificat
798 1277 1070 1325 defiderium
1104 1276 1452 1324 doffrinalium:
1490 1277 1682 1325 rubrum
1706 1276 1812 1332 hoc,
1848 1275 2072 1339 fignificat
2095 1286 2367 1338 apparenter
2422 1290 2425 1292 ·

348 1346 556 1394 bonum:
593 1344 702 1407 quia
739 1343 869 1390 lassus
900 1358 1007 1407 ego,
1043 1343 1282 1406 fignificat,
1318 1343 1391 1391 hic
1431 1356 1484 1391 ut
1518 1345 1660 1408 prius,
1696 1343 1863 1391 statum
1886 1358 2088 1406 pugnae:
2124 1353 2369 1404 propterea

347 1412 538 1460 vocavit
556 1426 726 1458 nomen
749 1407 846 1474 ejus
865 1410 1043 1469 Edem,
1077 1410 1300 1474 fignificat
1331 1411 1438 1458 inde
1469 1411 1602 1475 quale
1634 1408 1732 1476 ejus
1764 1409 1917 1474 quoad
1952 1409 2147 1465 bonum,
2183 1409 2259 1456 cui
2281 1407 2362 1456 ad-

339 1477 503 1544 junc‘ta
524 1477 788 1541 decirinalia
810 1479 921 1525 veri.

348 1543 2225 1674 &1³³2ssrffssrss‘seiffinfifflfflffiffussossg‘ff&wmjssffisstssffissle‘ssz
2246 1557 2370 1673 ⁰332

347 1693 404 1726 n:
432 1693 580 1742 3305,
617 1678 679 1724 ita
700 1676 969 1724 doctrinalia
987 1690 1096 1739 quae
1127 1677 1174 1723 in
1208 1677 1399 1725 naturali
1439 1677 1626 1724 homine
1643 1699 1659 1732 ·,
1695 1678 1745 1724 &
1768 1693 1826 1723 ex
1848 1676 2178 1739 significatione
2199 1675 2366 1740 pultis,

348 1745 480 1809 quod
511 1743 569 1791 fit
605 1744 840 1808 congeries
877 1743 1074 1799 talium,
1110 1743 1162 1790 δι
1185 1759 1380 1808 coquere
1403 1742 1546 1800 illam,
1581 1742 1645 1790 est
1667 1758 1928 1807 congerere,
1963 1744 2010 1790 in
2045 1742 2204 1806 lingua
2234 1745 2367 1791 enirn-

348 1813 415 1860 ori
455 1810 558 1859 ‘nali
590 1810 655 1858 est
677 1825 772 1858 vox
795 1812 977 1875 propria
998 1810 1159 1874 pultis,
1193 1811 1317 1874 quasi
1340 1811 1530 1869 diceres,
1565 1810 1764 1875 pultavit
1789 1810 1986 1875 pultem,
2021 1810 2110 1858 hoc
2132 1809 2212 1866 est,
2249 1825 2363 1857 con·

348 1893 409 1942 ge
460 1890 496 1925 t.
564 1877 649 1925 Est
670 1879 852 1941 primus
872 1878 1010 1925 status
1033 1875 1366 1942 conjunctionis
1389 1878 1496 1926 boni
1519 1878 1570 1926 &
1594 1879 1704 1935 veri,
1741 1879 1821 1942 qui
1852 1879 1901 1924 in
1930 1877 2018 1924 hoc
2039 1876 2202 1934 Versu,
2240 1877 2290 1925 ὅτ
2314 1878 2364 1924 in

350 1942 655 2008 sequentibus,
691 1942 828 2007 hujus
849 1941 917 1990 Ca
950 1946 1023 1991 itis
1053 1944 1111 1991 ad
1138 1945 1297 2002 finem,
1333 1945 1613 1995 describitur.
1683 1946 1867 1995 Primus
1890 1943 2025 1992 status
2059 1943 2256 1992 bominis
2280 1946 2363 2008 qui

353 2014 656 2075 regeneratur,
707 2008 781 2057 seu
816 1960 949 2072 apud³
971 2025 1112 2073 quem
1153 2010 1277 2060 bono
1314 2011 1614 2077 conjungitur
1650 2028 1833 2069 verum,
1868 2011 1948 2069 est,
1984 2012 2113 2076 quod
2149 2012 2369 2059 omnium
2437 2078 2439 2080 Ι

353 2079 510 2143 primo
546 2079 593 2124 in
633 2074 731 2140 ejus
762 2077 972 2125 Naturali
1009 2077 1212 2132 homine,
1248 2078 1322 2126 seu
1361 2081 1409 2126 in
1448 2077 1584 2144 hujus
1614 2080 1940 2136 reconditorio,
1977 2078 2104 2143 quod
2130 2079 2368 2127 Memoria
2433 2081 2437 2088 '

351 2157 559 2201 vocatur,
594 2156 902 2207 congerantur
931 2143 1194 2191 doctrinalia
1214 2147 1328 2202 veri,
1362 2144 1528 2208 absque
1559 2160 1683 2194 certo
1714 2146 1905 2202 ordine·‚
1940 2146 2221 2203 doctrinalia,
2256 2162 2371 2209 quae

352 2212 416 2260 ibi
455 2223 567 2259 tunc
603 2210 721 2267 sunt,
758 2213 1011 2275 comparari
1040 2210 1222 2274 poffunt
1260 2213 1396 2259 alicui
1428 2213 1657 2276 congeriei
1691 2212 1929 2275 indigestae
1952 2214 2002 2261 δε
2028 2213 2369 2276 incompositae,

356 2281 406 2326 δε
430 2279 553 2341 quafi
592 2279 777 2325 cuidam
817 2278 964 2333 chao,
1014 2291 1058 2326 at
1097 2277 1183 2325 hoc
1223 2277 1286 2326 ob
1324 2279 1483 2336 finem,
1526 2291 1579 2325 ut
1610 2279 1657 2325 in
1685 2278 1895 2326 ordinem
1934 2279 2218 2342 redigantur,
2254 2297 2362 2327 nam

355 2345 577 2408 quicquid
617 2345 850 2407 redigetur
888 2347 934 2391 in
967 2346 1197 2402 ordinem,
1230 2347 1459 2410 principio
1492 2346 1579 2392 tale
1610 2344 1692 2401 est,
1729 2345 1815 2394 hoc
1838 2344 1903 2391 est
1925 2347 2053 2408 quod
2084 2346 2368 2409 significatur

355 2428 437 2476 per
459 2410 652 2474 pultem,
690 2425 830 2474 quam
851 2411 1052 2472 jacobus
1074 2415 1215 2469 coxit,
1252 2411 1340 2460 hoc
1362 2411 1442 2468 est,
1478 2412 1719 2475 congessit:
1757 2411 1832 2458 illa
1854 2412 1901 2458 in
1926 2411 2134 2459 ordinem
2158 2428 2183 2458 a
2206 2411 2246 2459 se
2270 2428 2371 2460 non

357 2479 643 2541 rediguntur,
678 2477 755 2525 sed
790 2494 816 2524 a
852 2478 976 2533 bono
1008 2479 1136 2542 quod
1166 2481 1213 2526 in
1246 2479 1322 2526 illa
1359 2480 1533 2535 influet,
1570 2481 1620 2526 &
1642 2491 1866 2542 quantum
1890 2478 1940 2525 δε
1963 2478 2156 2542 qualiter
2187 2478 2371 2528 bonum

355 2547 452 2610 agit
474 2547 521 2592 in
545 2545 635 2601 illa,
671 2556 851 2591 tanturn
875 2546 927 2592 δι
949 2545 1095 2592 taliter
1126 2546 1173 2592 in
1204 2546 1414 2593 ordinem
1452 2546 1529 2593 illa
1566 2546 1768 2608 redigit·‚
1804 2545 1980 2595 bonum
2015 2561 2124 2592 cum
2157 2547 2370 2608 primurn

355 2611 734 2728 ἓξῗέἷὲηἷῗζῗὲ
754 2611 1088 2725 ῗᾶεῖζῗέἃῗῑιηῗ
1117 2613 1256 2725 Ὓὲ
1269 2611 1606 2726 ἔῖἓῇἕςὲἰῗὲῗὶ
1640 2612 1721 2725 ¹33²
1755 2612 1862 2725 ³323
1890 2611 2191 2727 ἒρὲῗὲᾇῗῗ
2205 2613 2366 2741 ἓῗῗῗ

357 2745 545 2800 cobum,
582 2743 650 2792 fac
688 2713 802 2792 mibi
837 2744 1010 2792 sorbere
1042 2694 1201 2809 (Ξιιὲἷο
1232 2762 1258 2792 e
1280 2695 1436 2802 rgbm,
1473 2695 1664 2793 rubruii:
1690 2694 1791 2793 ᾖξε.
1864 2747 2134 2794 Remotiorn
2174 2747 2373 2810 quidem

359 2813 457 2860 haec
481 2825 693 2878 apparent
716 2828 740 2859 a
763 2811 886 2859 sensu
913 2813 1070 2869 literae,
1107 2812 1182 2859 sed
1206 2811 1345 2876 usque
1381 2829 1490 2860 cum
1527 2813 1627 2860 haec
1668 2813 1885 2876 leguntur
1908 2813 1966 2859 ab
1991 2813 2196 2870 homine,
2229 2816 2278 2861 &
2304 2813 2369 2862 se-

360 2879 565 2927 cundum
590 2878 765 2926 sensum
790 2879 933 2926 literae
956 2880 1014 2926 ab
1035 2879 1115 2926 illo
1137 2881 1395 2943 capiuntur,
1428 2880 1622 2943 Angeli,
1654 2885 1734 2943 qui
1761 2892 1870 2927 tunc
1895 2880 2016 2943 apud
2039 2896 2164 2937 eum,
2189 2882 2379 2944 prorsuss

362 2946 534 2992 nullam
564 2946 712 2993 ideam
743 2945 902 3009 pultis,
939 2962 1022 2994 nec
1046 2946 1226 3008 jacobi,
1263 2962 1348 2993 nec
1371 2945 1524 3003 Esavi‚
1561 2963 1643 2994 nec
1678 2947 1819 3002 rubri,
1855 2962 1938 2994 nec
1970 2945 2143 2994 sorbere
2166 2965 2191 2993 e
2213 2948 2376 3004 rubro,

361 3010 543 3068 habent,
578 3011 651 3060 sed
681 3013 784 3060 loco
824 3013 1008 3060 illorum
1042 3013 1209 3061 habent
1249 3013 1398 3061 ideam
1438 3013 1732 3078 spiritualem,
1764 3030 1872 3077 quae
1897 3013 2076 3077 prorsus
2099 3014 2180 3062 alia
2202 3014 2283 3071 est,
2318 3016 2372 3062 δε

361 3089 534 3124 remota
554 3093 581 3125 a
604 3079 791 3126 naturali
813 3079 904 3136 illa,
941 3081 985 3127 in
1007 3096 1105 3127 eam
1131 3081 1299 3136 ideam,
1336 3096 1502 3144 nempe
1524 3082 1574 3128 in
1595 3080 1887 3144 spiritualem,
1925 3093 2165 3128 momento
2186 3095 2366 3129 vertun-

360 3155 435 3190 tur
460 3143 566 3198 illa·‚
601 3146 664 3191 ita
683 3161 870 3209 quoque
895 3146 937 3194 se
962 3147 1096 3194 habet
1126 3163 1234 3195 cum
1272 3147 1458 3211 reliquis
1495 3147 1757 3204 in-Verb03
1795 3161 1847 3194 ut
1881 3164 1966 3211 pro
1994 3149 2227 3211 exempIO,
2262 3163 2378 3195 cunt

361 3208 424 3257 ibi
457 3208 624 3274 legitur
645 3211 799 3270 Panis,
829 3214 1003 3279 Angeli
1029 3229 1121 3264 non
1145 3215 1403 3280 percipiunt
1425 3230 1614 3281 panem,
1648 3214 1722 3263 sed
1752 3227 1992 3263 momento
2023 3231 2108 3279 pro
2132 3231 2248 3289 pane
2271 3228 2371 3288 pcr-

405 3293 423 3314 '⁴
1806 3294 1818 3305 ·
2194 3290 2378 3344 clplumz
