<?xml version="1.0" encoding="UTF-8"?>
<!DOCTYPE html PUBLIC "-//W3C//DTD XHTML 1.0 Transitional//EN"
    "http://www.w3.org/TR/xhtml1/DTD/xhtml1-transitional.dtd">
<html xmlns="http://www.w3.org/1999/xhtml" xml:lang="en" lang="en">
 <head>
  <title>
</title>
<meta http-equiv="Content-Type" content="text/html;charset=utf-8" />
  <meta name='ocr-system' content='tesseract 3.04.00' />
  <meta name='ocr-capabilities' content='ocr_page ocr_carea ocr_par ocr_line ocrx_word'/>
</head>
<body>
  <div class='ocr_page' id='page_1' title='image "arcanacaelestiaq03sweduoft_0062.png"; bbox 0 0 2872 3730; ppageno 0'>
   <div class='ocr_carea' id='block_1_1' title="bbox 498 218 1968 311">
    <p class='ocr_par' dir='ltr' id='par_1_1' title="bbox 498 218 1968 311">
     <span class='ocr_line' id='line_1_1' title="bbox 498 218 1968 311; baseline 0 -24"><span class='ocrx_word' id='word_1_1' title='bbox 498 228 578 311; x_wconf 66' lang='lat'>58</span> <span class='ocrx_word' id='word_1_2' title='bbox 1003 218 1968 287; x_wconf 78' lang='lat' dir='ltr'><strong><em>GENESIS.</em></strong></span> 
     </span>
    </p>
   </div>
   <div class='ocr_carea' id='block_1_2' title="bbox 460 353 2530 3300">
    <p class='ocr_par' dir='ltr' id='par_1_2' title="bbox 491 353 2530 1539">
     <span class='ocr_line' id='line_1_2' title="bbox 562 353 2476 421; baseline 0.002 -19"><span class='ocrx_word' id='word_1_3' title='bbox 562 360 704 418; x_wconf 84' lang='lat'>2839.</span> <span class='ocrx_word' id='word_1_4' title='bbox 741 353 795 401; x_wconf 90' lang='lat' dir='ltr'>In</span> <span class='ocrx_word' id='word_1_5' title='bbox 833 363 986 401; x_wconf 87' lang='lat' dir='ltr'>monte</span> <span class='ocrx_word' id='word_1_6' title='bbox 1019 353 1222 414; x_wconf 77' lang='lat' dir='ltr'>jehovah</span> <span class='ocrx_word' id='word_1_7' title='bbox 1261 353 1449 410; x_wconf 85' lang='lat' dir='ltr'>videbit,</span> <span class='ocrx_word' id='word_1_8' title='bbox 1486 354 1612 418; x_wconf 91' lang='lat' dir='ltr'>quod</span> <span class='ocrx_word' id='word_1_9' title='bbox 1650 353 1869 417; x_wconf 76' lang='lat' dir='ltr'>significet</span> <span class='ocrx_word' id='word_1_10' title='bbox 1908 354 2184 413; x_wconf 85' lang='lat' dir='ltr'>charitatem,</span> <span class='ocrx_word' id='word_1_11' title='bbox 2219 371 2298 421; x_wconf 89' lang='lat' dir='ltr'>per</span> <span class='ocrx_word' id='word_1_12' title='bbox 2337 372 2476 421; x_wconf 89' lang='lat' dir='ltr'>quam</span> 
     </span>
     <span class='ocr_line' id='line_1_3' title="bbox 498 419 2530 488; baseline -0.001 -19"><span class='ocrx_word' id='word_1_13' title='bbox 498 440 522 469; x_wconf 89' lang='lat' dir='ltr'>a</span> <span class='ocrx_word' id='word_1_14' title='bbox 555 422 762 468; x_wconf 88' lang='lat' dir='ltr'>Domino</span> <span class='ocrx_word' id='word_1_15' title='bbox 799 419 1031 483; x_wconf 88' lang='lat' dir='ltr'>provisum</span> <span class='ocrx_word' id='word_1_16' title='bbox 1067 433 1120 468; x_wconf 90' lang='lat' dir='ltr'>ut</span> <span class='ocrx_word' id='word_1_17' title='bbox 1157 419 1394 478; x_wconf 87' lang='lat' dir='ltr'>salventur,</span> <span class='ocrx_word' id='word_1_18' title='bbox 1429 436 1594 484; x_wconf 89' lang='lat' dir='ltr'>nempe</span> <span class='ocrx_word' id='word_1_19' title='bbox 1633 421 1908 484; x_wconf 78' lang='lat' dir='ltr'>SpiritualeS‚</span> <span class='ocrx_word' id='word_1_20' title='bbox 1951 420 2125 469; x_wconf 86' lang='lat' dir='ltr'>constat</span> <span class='ocrx_word' id='word_1_21' title='bbox 2163 438 2218 470; x_wconf 85' lang='lat' dir='ltr'>ex</span> <span class='ocrx_word' id='word_1_22' title='bbox 2255 423 2478 488; x_wconf 88' lang='lat' dir='ltr'>fignifica-</span> <span class='ocrx_word' id='word_1_23' title='bbox 2514 461 2530 467; x_wconf 82' lang='grc'>-</span> 
     </span>
     <span class='ocr_line' id='line_1_4' title="bbox 496 485 2475 554; baseline 0.002 -20"><span class='ocrx_word' id='word_1_24' title='bbox 496 490 618 535; x_wconf 83' lang='lat' dir='ltr'>tione</span> <span class='ocrx_word' id='word_1_25' title='bbox 659 487 842 542; x_wconf 88' lang='lat' dir='ltr'>montis,</span> <span class='ocrx_word' id='word_1_26' title='bbox 876 485 1003 549; x_wconf 90' lang='lat' dir='ltr'>quod</span> <span class='ocrx_word' id='word_1_27' title='bbox 1042 486 1096 533; x_wconf 81' lang='lat' dir='ltr'>[it</span> <span class='ocrx_word' id='word_1_28' title='bbox 1128 502 1257 533; x_wconf 89' lang='lat' dir='ltr'>amor</span> <span class='ocrx_word' id='word_1_29' title='bbox 1288 487 1339 534; x_wconf 84' lang='lat'>&amp;</span> <span class='ocrx_word' id='word_1_30' title='bbox 1377 485 1578 549; x_wconf 86' lang='lat' dir='ltr'>charitas,</span> <span class='ocrx_word' id='word_1_31' title='bbox 1613 487 1670 534; x_wconf 91' lang='lat' dir='ltr'>de</span> <span class='ocrx_word' id='word_1_32' title='bbox 1691 503 1781 550; x_wconf 91' lang='lat' dir='ltr'>qua</span> <span class='ocrx_word' id='word_1_33' title='bbox 1805 503 1863 534; x_wconf 91' lang='lat' dir='ltr'>n:</span> <span class='ocrx_word' id='word_1_34' title='bbox 1893 503 2002 552; x_wconf 87' lang='lat'><strong><em>795.</em></strong></span> <span class='ocrx_word' id='word_1_35' title='bbox 2030 488 2137 553; x_wconf 90' lang='lat'>796.</span> <span class='ocrx_word' id='word_1_36' title='bbox 2165 506 2314 552; x_wconf 81' lang='lat'><em>14303</em></span> <span class='ocrx_word' id='word_1_37' title='bbox 2350 490 2475 554; x_wconf 91' lang='lat' dir='ltr'>quod</span> 
     </span>
     <span class='ocr_line' id='line_1_5' title="bbox 499 551 2481 619; baseline 0.002 -19"><span class='ocrx_word' id='word_1_38' title='bbox 499 553 704 615; x_wconf 90' lang='lat' dir='ltr'>Jehovah</span> <span class='ocrx_word' id='word_1_39' title='bbox 740 551 916 600; x_wconf 87' lang='lat' dir='ltr'>videbit</span> <span class='ocrx_word' id='word_1_40' title='bbox 951 552 1003 598; x_wconf 88' lang='lat' dir='ltr'>fit</span> <span class='ocrx_word' id='word_1_41' title='bbox 1041 553 1231 599; x_wconf 87' lang='lat' dir='ltr'>Domini</span> <span class='ocrx_word' id='word_1_42' title='bbox 1264 553 1583 609; x_wconf 87' lang='lat' dir='ltr'>Providentia,</span> <span class='ocrx_word' id='word_1_43' title='bbox 1634 552 1706 599; x_wconf 88' lang='lat' dir='ltr'>seu</span> <span class='ocrx_word' id='word_1_44' title='bbox 1753 570 1778 600; x_wconf 93' lang='lat' dir='ltr'>a</span> <span class='ocrx_word' id='word_1_45' title='bbox 1811 554 2019 601; x_wconf 91' lang='lat' dir='ltr'>Domino</span> <span class='ocrx_word' id='word_1_46' title='bbox 2062 555 2313 619; x_wconf 85' lang='lat' dir='ltr'>provisum,</span> <span class='ocrx_word' id='word_1_47' title='bbox 2366 572 2481 603; x_wconf 84' lang='lat' dir='ltr'>mox</span> 
     </span>
     <span class='ocr_line' id='line_1_6' title="bbox 499 617 2480 683; baseline 0.002 -17"><span class='ocrx_word' id='word_1_48' title='bbox 499 619 629 683; x_wconf 88' lang='lat' dir='ltr'>supra</span> <span class='ocrx_word' id='word_1_49' title='bbox 661 636 718 666; x_wconf 85' lang='lat' dir='ltr'>n:</span> <span class='ocrx_word' id='word_1_50' title='bbox 761 619 904 681; x_wconf 83' lang='lat'>2836,</span> <span class='ocrx_word' id='word_1_51' title='bbox 956 618 1132 666; x_wconf 70' lang='lat' dir='ltr'>dictum</span> <span class='ocrx_word' id='word_1_52' title='bbox 1169 617 1259 666; x_wconf 88' lang='lat' dir='ltr'>est:</span> <span class='ocrx_word' id='word_1_53' title='bbox 1309 618 1382 666; x_wconf 85' lang='lat' dir='ltr'>hic</span> <span class='ocrx_word' id='word_1_54' title='bbox 1422 618 1605 665; x_wconf 87' lang='lat' dir='ltr'>charitas</span> <span class='ocrx_word' id='word_1_55' title='bbox 1650 619 1817 669; x_wconf 89' lang='lat' dir='ltr'>dicitur</span> <span class='ocrx_word' id='word_1_56' title='bbox 1854 635 1944 666; x_wconf 92' lang='lat' dir='ltr'>non</span> <span class='ocrx_word' id='word_1_57' title='bbox 1983 635 2128 677; x_wconf 88' lang='lat' dir='ltr'>amor,</span> <span class='ocrx_word' id='word_1_58' title='bbox 2171 621 2232 668; x_wconf 93' lang='lat' dir='ltr'>ob</span> <span class='ocrx_word' id='word_1_59' title='bbox 2267 621 2480 669; x_wconf 68' lang='lat' dir='ltr'>differen-</span> 
     </span>
     <span class='ocr_line' id='line_1_7' title="bbox 500 684 2481 751; baseline 0.002 -19"><span class='ocrx_word' id='word_1_60' title='bbox 500 687 627 742; x_wconf 86' lang='lat' dir='ltr'>tiam,</span> <span class='ocrx_word' id='word_1_61' title='bbox 664 701 770 748; x_wconf 75' lang='lat' dir='ltr'>quae</span> <span class='ocrx_word' id='word_1_62' title='bbox 802 685 865 730; x_wconf 91' lang='lat' dir='ltr'>est</span> <span class='ocrx_word' id='word_1_63' title='bbox 906 686 1020 731; x_wconf 87' lang='lat' dir='ltr'>inter</span> <span class='ocrx_word' id='word_1_64' title='bbox 1056 684 1311 730; x_wconf 88' lang='lat' dir='ltr'>charitatem</span> <span class='ocrx_word' id='word_1_65' title='bbox 1352 685 1401 731; x_wconf 75' lang='grc' dir='ltr'>δε</span> <span class='ocrx_word' id='word_1_66' title='bbox 1444 699 1662 740; x_wconf 90' lang='lat' dir='ltr'>amorem,</span> <span class='ocrx_word' id='word_1_67' title='bbox 1697 685 1755 731; x_wconf 91' lang='lat' dir='ltr'>de</span> <span class='ocrx_word' id='word_1_68' title='bbox 1777 700 1869 748; x_wconf 90' lang='lat' dir='ltr'>qua</span> <span class='ocrx_word' id='word_1_69' title='bbox 1890 701 1951 734; x_wconf 87' lang='lat' dir='ltr'>n:</span> <span class='ocrx_word' id='word_1_70' title='bbox 1978 700 2117 749; x_wconf 82' lang='lat'>20²3·</span> <span class='ocrx_word' id='word_1_71' title='bbox 2171 687 2318 748; x_wconf 86' lang='lat' dir='ltr'>Quod</span> <span class='ocrx_word' id='word_1_72' title='bbox 2342 689 2481 751; x_wconf 85' lang='lat' dir='ltr'>Spiri-</span> 
     </span>
     <span class='ocr_line' id='line_1_8' title="bbox 500 749 2481 815; baseline 0.002 -17"><span class='ocrx_word' id='word_1_73' title='bbox 500 751 638 798; x_wconf 90' lang='lat' dir='ltr'>tuales</span> <span class='ocrx_word' id='word_1_74' title='bbox 664 767 742 815; x_wconf 90' lang='lat' dir='ltr'>per</span> <span class='ocrx_word' id='word_1_75' title='bbox 765 750 1036 797; x_wconf 72' lang='lat' dir='ltr'>Chai-itatem</span> <span class='ocrx_word' id='word_1_76' title='bbox 1062 749 1300 806; x_wconf 89' lang='lat' dir='ltr'>salventur,</span> <span class='ocrx_word' id='word_1_77' title='bbox 1337 765 1429 797; x_wconf 91' lang='lat' dir='ltr'>non</span> <span class='ocrx_word' id='word_1_78' title='bbox 1457 765 1538 813; x_wconf 87' lang='lat' dir='ltr'>per</span> <span class='ocrx_word' id='word_1_79' title='bbox 1561 750 1702 798; x_wconf 87' lang='lat' dir='ltr'>fidem</span> <span class='ocrx_word' id='word_1_80' title='bbox 1727 749 1967 815; x_wconf 82' lang='lat' dir='ltr'>separatam</span> <span class='ocrx_word' id='word_1_81' title='bbox 1999 768 2023 799; x_wconf 89' lang='lat' dir='ltr'>a</span> <span class='ocrx_word' id='word_1_82' title='bbox 2047 752 2274 811; x_wconf 85' lang='lat' dir='ltr'>charitate,</span> <span class='ocrx_word' id='word_1_83' title='bbox 2311 753 2481 802; x_wconf 88' lang='lat' dir='ltr'>constat</span> 
     </span>
     <span class='ocr_line' id='line_1_9' title="bbox 499 816 2479 877; baseline 0.002 -13"><span class='ocrx_word' id='word_1_84' title='bbox 499 834 555 864; x_wconf 88' lang='lat' dir='ltr'>ex</span> <span class='ocrx_word' id='word_1_85' title='bbox 577 817 732 864; x_wconf 88' lang='lat' dir='ltr'>multis</span> <span class='ocrx_word' id='word_1_86' title='bbox 754 816 865 863; x_wconf 90' lang='lat' dir='ltr'>locis</span> <span class='ocrx_word' id='word_1_87' title='bbox 888 818 933 863; x_wconf 92' lang='lat' dir='ltr'>in</span> <span class='ocrx_word' id='word_1_88' title='bbox 957 816 1141 864; x_wconf 87' lang='lat' dir='ltr'>Verbo:</span> <span class='ocrx_word' id='word_1_89' title='bbox 1183 816 1244 863; x_wconf 88' lang='lat' dir='ltr'>ita</span> <span class='ocrx_word' id='word_1_90' title='bbox 1278 816 1319 862; x_wconf 88' lang='lat' dir='ltr'>se</span> <span class='ocrx_word' id='word_1_91' title='bbox 1355 816 1487 864; x_wconf 89' lang='lat' dir='ltr'>habet</span> <span class='ocrx_word' id='word_1_92' title='bbox 1523 832 1632 864; x_wconf 88' lang='lat' dir='ltr'>cum</span> <span class='ocrx_word' id='word_1_93' title='bbox 1673 816 1882 864; x_wconf 87' lang='lat' dir='ltr'>charitate</span> <span class='ocrx_word' id='word_1_94' title='bbox 1911 818 1966 864; x_wconf 75' lang='grc' dir='ltr'>’ὅτ</span> <span class='ocrx_word' id='word_1_95' title='bbox 2004 833 2111 865; x_wconf 92' lang='lat' dir='ltr'>cum</span> <span class='ocrx_word' id='word_1_96' title='bbox 2148 818 2254 877; x_wconf 85' lang='lat' dir='ltr'>fide,</span> <span class='ocrx_word' id='word_1_97' title='bbox 2290 820 2479 868; x_wconf 88' lang='lat' dir='ltr'>charitas</span> 
     </span>
     <span class='ocr_line' id='line_1_10' title="bbox 500 881 2480 946; baseline 0.002 -16"><span class='ocrx_word' id='word_1_98' title='bbox 500 883 662 946; x_wconf 87' lang='lat' dir='ltr'>absque</span> <span class='ocrx_word' id='word_1_99' title='bbox 683 882 772 929; x_wconf 86' lang='lat' dir='ltr'>fide</span> <span class='ocrx_word' id='word_1_100' title='bbox 796 898 887 929; x_wconf 90' lang='lat' dir='ltr'>non</span> <span class='ocrx_word' id='word_1_101' title='bbox 910 881 973 930; x_wconf 88' lang='lat' dir='ltr'>est</span> <span class='ocrx_word' id='word_1_102' title='bbox 995 883 1189 945; x_wconf 89' lang='lat' dir='ltr'>genuina</span> <span class='ocrx_word' id='word_1_103' title='bbox 1213 881 1414 939; x_wconf 86' lang='lat' dir='ltr'>charitas,</span> <span class='ocrx_word' id='word_1_104' title='bbox 1450 883 1499 930; x_wconf 75' lang='grc' dir='ltr'>δε</span> <span class='ocrx_word' id='word_1_105' title='bbox 1522 882 1632 929; x_wconf 87' lang='lat' dir='ltr'>fides</span> <span class='ocrx_word' id='word_1_106' title='bbox 1665 881 1826 946; x_wconf 90' lang='lat' dir='ltr'>absque</span> <span class='ocrx_word' id='word_1_107' title='bbox 1856 881 2068 931; x_wconf 81' lang='lat' dir='ltr'>charitate</span> <span class='ocrx_word' id='word_1_108' title='bbox 2107 900 2200 932; x_wconf 89' lang='lat' dir='ltr'>non</span> <span class='ocrx_word' id='word_1_109' title='bbox 2233 884 2296 932; x_wconf 91' lang='lat' dir='ltr'>est</span> <span class='ocrx_word' id='word_1_110' title='bbox 2334 886 2480 943; x_wconf 89' lang='lat' dir='ltr'>fides;</span> 
     </span>
     <span class='ocr_line' id='line_1_11' title="bbox 499 947 2481 1013; baseline 0.002 -17"><span class='ocrx_word' id='word_1_111' title='bbox 499 962 551 996; x_wconf 90' lang='lat' dir='ltr'>ut</span> <span class='ocrx_word' id='word_1_112' title='bbox 575 949 759 997; x_wconf 86' lang='lat' dir='ltr'>charitas</span> <span class='ocrx_word' id='word_1_113' title='bbox 782 947 835 995; x_wconf 85' lang='lat' dir='ltr'>fit</span> <span class='ocrx_word' id='word_1_114' title='bbox 860 949 944 995; x_wconf 88' lang='lat' dir='ltr'>erit</span> <span class='ocrx_word' id='word_1_115' title='bbox 967 948 1095 1005; x_wconf 88' lang='lat' dir='ltr'>fides,</span> <span class='ocrx_word' id='word_1_116' title='bbox 1131 949 1179 995; x_wconf 75' lang='grc' dir='ltr'>δε</span> <span class='ocrx_word' id='word_1_117' title='bbox 1205 961 1258 995; x_wconf 89' lang='lat' dir='ltr'>ut</span> <span class='ocrx_word' id='word_1_118' title='bbox 1279 948 1391 999; x_wconf 88' lang='lat' dir='ltr'>fides</span> <span class='ocrx_word' id='word_1_119' title='bbox 1413 949 1497 996; x_wconf 90' lang='lat' dir='ltr'>erit</span> <span class='ocrx_word' id='word_1_120' title='bbox 1525 947 1727 1006; x_wconf 87' lang='lat' dir='ltr'>charitas,</span> <span class='ocrx_word' id='word_1_121' title='bbox 1763 961 1809 996; x_wconf 89' lang='lat' dir='ltr'>at</span> <span class='ocrx_word' id='word_1_122' title='bbox 1842 948 1989 1013; x_wconf 91' lang='lat' dir='ltr'>ipsum</span> <span class='ocrx_word' id='word_1_123' title='bbox 2020 950 2239 999; x_wconf 77' lang='lat' dir='ltr'>essentiale</span> <span class='ocrx_word' id='word_1_124' title='bbox 2276 951 2340 999; x_wconf 88' lang='lat' dir='ltr'>est</span> <span class='ocrx_word' id='word_1_125' title='bbox 2375 952 2481 1000; x_wconf 89' lang='lat' dir='ltr'>cha-</span> 
     </span>
     <span class='ocr_line' id='line_1_12' title="bbox 499 1013 2482 1089; baseline 0.002 -27"><span class='ocrx_word' id='word_1_126' title='bbox 499 1017 620 1071; x_wconf 83' lang='lat' dir='ltr'>ritas,</span> <span class='ocrx_word' id='word_1_127' title='bbox 657 1031 747 1062; x_wconf 91' lang='lat' dir='ltr'>non</span> <span class='ocrx_word' id='word_1_128' title='bbox 770 1015 891 1061; x_wconf 87' lang='lat' dir='ltr'>enim</span> <span class='ocrx_word' id='word_1_129' title='bbox 925 1014 997 1061; x_wconf 88' lang='lat' dir='ltr'>alii</span> <span class='ocrx_word' id='word_1_130' title='bbox 1031 1014 1176 1061; x_wconf 91' lang='lat' dir='ltr'>humo</span> <span class='ocrx_word' id='word_1_131' title='bbox 1198 1014 1451 1077; x_wconf 87' lang='lat' dir='ltr'>implantari</span> <span class='ocrx_word' id='word_1_132' title='bbox 1475 1014 1621 1078; x_wconf 87' lang='lat' dir='ltr'>potest</span> <span class='ocrx_word' id='word_1_133' title='bbox 1655 1013 1803 1062; x_wconf 89' lang='lat' dir='ltr'>semen</span> <span class='ocrx_word' id='word_1_134' title='bbox 1832 1015 1959 1089; x_wconf 92' lang='lat' dir='ltr'>quod</span> <span class='ocrx_word' id='word_1_135' title='bbox 1997 1015 2059 1062; x_wconf 92' lang='lat' dir='ltr'>est</span> <span class='ocrx_word' id='word_1_136' title='bbox 2091 1016 2237 1073; x_wconf 88' lang='lat' dir='ltr'>fides;</span> <span class='ocrx_word' id='word_1_137' title='bbox 2282 1033 2340 1065; x_wconf 83' lang='lat' dir='ltr'>ex</span> <span class='ocrx_word' id='word_1_138' title='bbox 2373 1033 2482 1065; x_wconf 91' lang='lat' dir='ltr'>con-</span> 
     </span>
     <span class='ocr_line' id='line_1_13' title="bbox 491 1080 2481 1145; baseline 0.002 -17"><span class='ocrx_word' id='word_1_139' title='bbox 491 1080 728 1144; x_wconf 64' lang='lat' dir='ltr'>junctione</span> <span class='ocrx_word' id='word_1_140' title='bbox 748 1081 880 1126; x_wconf 89' lang='lat' dir='ltr'>unius</span> <span class='ocrx_word' id='word_1_141' title='bbox 903 1080 953 1127; x_wconf 78' lang='grc' dir='ltr'>ὅτ</span> <span class='ocrx_word' id='word_1_142' title='bbox 975 1080 1153 1126; x_wconf 86' lang='lat' dir='ltr'>alterius</span> <span class='ocrx_word' id='word_1_143' title='bbox 1178 1092 1342 1127; x_wconf 88' lang='lat' dir='ltr'>mutuo</span> <span class='ocrx_word' id='word_1_144' title='bbox 1369 1081 1419 1128; x_wconf 77' lang='grc' dir='ltr'>ὅτ</span> <span class='ocrx_word' id='word_1_145' title='bbox 1440 1082 1633 1127; x_wconf 85' lang='lat' dir='ltr'>viciffim</span> <span class='ocrx_word' id='word_1_146' title='bbox 1665 1081 1728 1128; x_wconf 88' lang='lat' dir='ltr'>est</span> <span class='ocrx_word' id='word_1_147' title='bbox 1760 1084 2029 1145; x_wconf 73' lang='lat' dir='ltr'>conjugium</span> <span class='ocrx_word' id='word_1_148' title='bbox 2052 1081 2249 1141; x_wconf 89' lang='lat' dir='ltr'>coeleste,</span> <span class='ocrx_word' id='word_1_149' title='bbox 2290 1084 2378 1131; x_wconf 88' lang='lat' dir='ltr'>hoc</span> <span class='ocrx_word' id='word_1_150' title='bbox 2400 1084 2481 1142; x_wconf 81' lang='lat' dir='ltr'>est,</span> 
     </span>
     <span class='ocr_line' id='line_1_14' title="bbox 499 1144 2482 1211; baseline 0.002 -17"><span class='ocrx_word' id='word_1_151' title='bbox 499 1149 718 1211; x_wconf 85' lang='lat' dir='ltr'>Regnum</span> <span class='ocrx_word' id='word_1_152' title='bbox 741 1147 932 1192; x_wconf 86' lang='lat' dir='ltr'>Domini</span> <span class='ocrx_word' id='word_1_153' title='bbox 953 1167 967 1199; x_wconf 90' lang='lat'>;</span> <span class='ocrx_word' id='word_1_154' title='bbox 1012 1145 1124 1191; x_wconf 89' lang='lat' dir='ltr'>fides</span> <span class='ocrx_word' id='word_1_155' title='bbox 1156 1144 1235 1191; x_wconf 76' lang='lat' dir='ltr'>nisi</span> <span class='ocrx_word' id='word_1_156' title='bbox 1269 1144 1535 1208; x_wconf 85' lang='lat' dir='ltr'>implantata</span> <span class='ocrx_word' id='word_1_157' title='bbox 1557 1145 1759 1193; x_wconf 89' lang='lat' dir='ltr'>charitati</span> <span class='ocrx_word' id='word_1_158' title='bbox 1792 1146 1857 1193; x_wconf 91' lang='lat' dir='ltr'>est</span> <span class='ocrx_word' id='word_1_159' title='bbox 1880 1163 2003 1194; x_wconf 90' lang='lat' dir='ltr'>mere</span> <span class='ocrx_word' id='word_1_160' title='bbox 2024 1146 2334 1205; x_wconf 87' lang='lat' dir='ltr'>scientia,-non</span> <span class='ocrx_word' id='word_1_161' title='bbox 2358 1151 2482 1196; x_wconf 89' lang='lat' dir='ltr'>enim</span> 
     </span>
     <span class='ocr_line' id='line_1_15' title="bbox 500 1209 2483 1275; baseline 0.002 -16"><span class='ocrx_word' id='word_1_162' title='bbox 500 1214 626 1260; x_wconf 88' lang='lat' dir='ltr'>vadit</span> <span class='ocrx_word' id='word_1_163' title='bbox 662 1229 684 1259; x_wconf 91' lang='lat' dir='ltr'>e</span> <span class='ocrx_word' id='word_1_164' title='bbox 725 1211 942 1259; x_wconf 90' lang='lat' dir='ltr'>memoria</span> <span class='ocrx_word' id='word_1_165' title='bbox 964 1211 1167 1266; x_wconf 89' lang='lat' dir='ltr'>ulterius,</span> <span class='ocrx_word' id='word_1_166' title='bbox 1204 1226 1310 1257; x_wconf 90' lang='lat' dir='ltr'>nam</span> <span class='ocrx_word' id='word_1_167' title='bbox 1343 1209 1468 1256; x_wconf 91' lang='lat' dir='ltr'>nulla</span> <span class='ocrx_word' id='word_1_168' title='bbox 1502 1210 1565 1257; x_wconf 91' lang='lat' dir='ltr'>est</span> <span class='ocrx_word' id='word_1_169' title='bbox 1597 1210 1776 1259; x_wconf 68' lang='lat' dir='ltr'>affefflo</span> <span class='ocrx_word' id='word_1_170' title='bbox 1797 1212 1964 1267; x_wconf 89' lang='lat' dir='ltr'>cordis,</span> <span class='ocrx_word' id='word_1_171' title='bbox 1996 1228 2103 1274; x_wconf 86' lang='lat' dir='ltr'>quae</span> <span class='ocrx_word' id='word_1_172' title='bbox 2124 1209 2283 1275; x_wconf 83' lang='lat' dir='ltr'>recipit</span> <span class='ocrx_word' id='word_1_173' title='bbox 2302 1221 2333 1269; x_wconf 64' lang='grc' dir='ltr'>ς’</span> <span class='ocrx_word' id='word_1_174' title='bbox 2356 1214 2483 1263; x_wconf 79' lang='lat' dir='ltr'>ut&#39;fit</span> 
     </span>
     <span class='ocr_line' id='line_1_16' title="bbox 499 1274 2483 1342; baseline 0.002 -17"><span class='ocrx_word' id='word_1_175' title='bbox 499 1279 793 1342; x_wconf 83' lang='lat' dir='ltr'>intelligentia</span> <span class='ocrx_word' id='word_1_176' title='bbox 814 1279 863 1324; x_wconf 87' lang='lat'>&amp;</span> <span class='ocrx_word' id='word_1_177' title='bbox 886 1276 1108 1340; x_wconf 87' lang='lat' dir='ltr'>sapientia,</span> <span class='ocrx_word' id='word_1_178' title='bbox 1145 1292 1251 1323; x_wconf 92' lang='lat' dir='ltr'>cum</span> <span class='ocrx_word' id='word_1_179' title='bbox 1277 1275 1570 1339; x_wconf 84' lang='lat' dir='ltr'>implantatur</span> <span class='ocrx_word' id='word_1_180' title='bbox 1608 1274 1825 1332; x_wconf 88' lang='lat' dir='ltr'>charitati,</span> <span class='ocrx_word' id='word_1_181' title='bbox 1868 1276 1955 1323; x_wconf 91' lang='lat' dir='ltr'>hoc</span> <span class='ocrx_word' id='word_1_182' title='bbox 1983 1275 2064 1333; x_wconf 87' lang='lat' dir='ltr'>est,</span> <span class='ocrx_word' id='word_1_183' title='bbox 2099 1277 2239 1326; x_wconf 89' lang='lat' dir='ltr'>vitae:</span> <span class='ocrx_word' id='word_1_184' title='bbox 2295 1278 2483 1328; x_wconf 82' lang='lat' dir='ltr'>charitas</span> 
     </span>
     <span class='ocr_line' id='line_1_17' title="bbox 498 1340 2481 1407; baseline 0.001 -16"><span class='ocrx_word' id='word_1_185' title='bbox 498 1344 661 1407; x_wconf 87' lang='lat' dir='ltr'>absque</span> <span class='ocrx_word' id='word_1_186' title='bbox 684 1343 792 1400; x_wconf 90' lang='lat' dir='ltr'>fide,</span> <span class='ocrx_word' id='word_1_187' title='bbox 828 1343 971 1406; x_wconf 85' lang='lat' dir='ltr'>qualis</span> <span class='ocrx_word' id='word_1_188' title='bbox 1003 1343 1126 1406; x_wconf 90' lang='lat' dir='ltr'>apud</span> <span class='ocrx_word' id='word_1_189' title='bbox 1159 1340 1350 1389; x_wconf 88' lang='lat' dir='ltr'>infantes</span> <span class='ocrx_word' id='word_1_190' title='bbox 1383 1342 1432 1389; x_wconf 75' lang='grc' dir='ltr'>δι</span> <span class='ocrx_word' id='word_1_191' title='bbox 1465 1341 1588 1406; x_wconf 87' lang='lat' dir='ltr'>apud</span> <span class='ocrx_word' id='word_1_192' title='bbox 1611 1341 1778 1405; x_wconf 90' lang='lat' dir='ltr'>probos</span> <span class='ocrx_word' id='word_1_193' title='bbox 1799 1341 2006 1406; x_wconf 85' lang='lat' dir='ltr'>gentiles,</span> <span class='ocrx_word' id='word_1_194' title='bbox 2041 1341 2106 1390; x_wconf 91' lang='lat' dir='ltr'>est</span> <span class='ocrx_word' id='word_1_195' title='bbox 2128 1343 2273 1392; x_wconf 91' lang='lat' dir='ltr'>modo</span> <span class='ocrx_word' id='word_1_196' title='bbox 2294 1344 2481 1405; x_wconf 84' lang='lat' dir='ltr'>humus,</span> 
     </span>
     <span class='ocr_line' id='line_1_18' title="bbox 497 1407 2484 1473; baseline 0.002 -16"><span class='ocrx_word' id='word_1_197' title='bbox 497 1411 570 1457; x_wconf 92' lang='lat' dir='ltr'>cui</span> <span class='ocrx_word' id='word_1_198' title='bbox 609 1409 902 1473; x_wconf 86' lang='lat' dir='ltr'>implantatur</span> <span class='ocrx_word' id='word_1_199' title='bbox 924 1408 1053 1465; x_wconf 90' lang='lat' dir='ltr'>fides,</span> <span class='ocrx_word' id='word_1_200' title='bbox 1089 1408 1121 1454; x_wconf 87' lang='lat' dir='ltr'>fi</span> <span class='ocrx_word' id='word_1_201' title='bbox 1146 1424 1237 1455; x_wconf 90' lang='lat' dir='ltr'>non</span> <span class='ocrx_word' id='word_1_202' title='bbox 1269 1409 1315 1454; x_wconf 89' lang='lat' dir='ltr'>in</span> <span class='ocrx_word' id='word_1_203' title='bbox 1338 1408 1433 1455; x_wconf 89' lang='lat' dir='ltr'>vita</span> <span class='ocrx_word' id='word_1_204' title='bbox 1455 1410 1674 1472; x_wconf 91' lang='lat' dir='ltr'>corporis,</span> <span class='ocrx_word' id='word_1_205' title='bbox 1710 1407 1849 1472; x_wconf 90' lang='lat' dir='ltr'>usque</span> <span class='ocrx_word' id='word_1_206' title='bbox 1884 1408 1929 1455; x_wconf 87' lang='lat' dir='ltr'>in</span> <span class='ocrx_word' id='word_1_207' title='bbox 1963 1408 2099 1456; x_wconf 81' lang='lat' dir='ltr'>altera</span> <span class='ocrx_word' id='word_1_208' title='bbox 2134 1409 2246 1467; x_wconf 87' lang='lat' dir='ltr'>vita,</span> <span class='ocrx_word' id='word_1_209' title='bbox 2278 1411 2484 1460; x_wconf 73' lang='lat' dir='ltr'>videatur</span> 
     </span>
     <span class='ocr_line' id='line_1_19' title="bbox 496 1473 2075 1539; baseline -0.001 -17"><span class='ocrx_word' id='word_1_210' title='bbox 496 1492 554 1523; x_wconf 84' lang='lat' dir='ltr'>n:</span> <span class='ocrx_word' id='word_1_211' title='bbox 582 1480 717 1525; x_wconf 85' lang='lat'><em>1802.</em></span> <span class='ocrx_word' id='word_1_212' title='bbox 747 1478 887 1524; x_wconf 86' lang='lat'><strong>2280.</strong></span> <span class='ocrx_word' id='word_1_213' title='bbox 916 1491 1044 1537; x_wconf 84' lang='lat'>2290</span> <span class='ocrx_word' id='word_1_214' title='bbox 1068 1473 1124 1521; x_wconf 90' lang='lat' dir='ltr'>ad</span> <span class='ocrx_word' id='word_1_215' title='bbox 1151 1490 1292 1539; x_wconf 83' lang='lat'><strong>2309.</strong></span> <span class='ocrx_word' id='word_1_216' title='bbox 1319 1491 1462 1537; x_wconf 85' lang='lat'>2419.</span> <span class='ocrx_word' id='word_1_217' title='bbox 1490 1479 1618 1539; x_wconf 86' lang='lat'>2589</span> <span class='ocrx_word' id='word_1_218' title='bbox 1643 1474 1700 1522; x_wconf 88' lang='lat' dir='ltr'>ad</span> <span class='ocrx_word' id='word_1_219' title='bbox 1726 1474 1869 1535; x_wconf 84' lang='lat'><strong>2604.</strong></span> <span class='ocrx_word' id='word_1_220' title='bbox 2072 1487 2075 1489; x_wconf 84' lang='lat'>·</span> 
     </span>
    </p>

    <p class='ocr_par' dir='ltr' id='par_1_3' title="bbox 495 1538 2485 2068">
     <span class='ocr_line' id='line_1_20' title="bbox 564 1538 2485 1605; baseline 0.001 -15"><span class='ocrx_word' id='word_1_221' title='bbox 564 1547 706 1603; x_wconf 88' lang='lat'><strong>2840.</strong></span> <span class='ocrx_word' id='word_1_222' title='bbox 742 1538 863 1588; x_wconf 91' lang='lat' dir='ltr'>Vers</span> <span class='ocrx_word' id='word_1_223' title='bbox 879 1554 891 1583; x_wconf 77' lang='lat' dir='ltr'><em>z</em></span> <span class='ocrx_word' id='word_1_224' title='bbox 919 1558 991 1603; x_wconf 86' lang='lat'>15.</span> <span class='ocrx_word' id='word_1_225' title='bbox 1036 1540 1108 1588; x_wconf 88' lang='lat'>16.</span> <span class='ocrx_word' id='word_1_226' title='bbox 1166 1542 1230 1597; x_wconf 88' lang='lat' dir='ltr'>Et</span> <span class='ocrx_word' id='word_1_227' title='bbox 1262 1540 1470 1587; x_wconf 85' lang='lat' dir='ltr'>clamavit</span> <span class='ocrx_word' id='word_1_228' title='bbox 1491 1540 1677 1602; x_wconf 86' lang='lat' dir='ltr'>Angelus</span> <span class='ocrx_word' id='word_1_229' title='bbox 1692 1541 1881 1603; x_wconf 68' lang='lat' dir='ltr'>⁴Jehovae</span> <span class='ocrx_word' id='word_1_230' title='bbox 1917 1540 1979 1588; x_wconf 82' lang='lat' dir='ltr'>ad</span> <span class='ocrx_word' id='word_1_231' title='bbox 1997 1541 2225 1589; x_wconf 86' lang='lat' dir='ltr'>Abraham</span> <span class='ocrx_word' id='word_1_232' title='bbox 2247 1543 2429 1605; x_wconf 79' lang='lat' dir='ltr'>ficundo</span> <span class='ocrx_word' id='word_1_233' title='bbox 2461 1561 2485 1592; x_wconf 87' lang='lat' dir='ltr'>e</span> 
     </span>
     <span class='ocr_line' id='line_1_21' title="bbox 497 1606 2481 1671; baseline 0.001 -16"><span class='ocrx_word' id='word_1_234' title='bbox 497 1608 607 1656; x_wconf 75' lang='lat' dir='ltr'>caelo,</span> <span class='ocrx_word' id='word_1_235' title='bbox 658 1609 721 1654; x_wconf 86' lang='lat' dir='ltr'>Et</span> <span class='ocrx_word' id='word_1_236' title='bbox 743 1606 870 1663; x_wconf 84' lang='lat' dir='ltr'>dixit,</span> <span class='ocrx_word' id='word_1_237' title='bbox 905 1608 951 1653; x_wconf 81' lang='lat' dir='ltr'>in</span> <span class='ocrx_word' id='word_1_238' title='bbox 972 1609 1053 1654; x_wconf 85' lang='lat' dir='ltr'>Me</span> <span class='ocrx_word' id='word_1_239' title='bbox 1067 1607 1247 1670; x_wconf 84' lang='lat' dir='ltr'>juravi,</span> <span class='ocrx_word' id='word_1_240' title='bbox 1281 1606 1440 1653; x_wconf 66' lang='lat' dir='ltr'>dictum</span> <span class='ocrx_word' id='word_1_241' title='bbox 1461 1606 1659 1669; x_wconf 82' lang='lat' dir='ltr'>Jehovae,</span> <span class='ocrx_word' id='word_1_242' title='bbox 1700 1607 1799 1670; x_wconf 84' lang='lat' dir='ltr'>quia</span> <span class='ocrx_word' id='word_1_243' title='bbox 1826 1615 2055 1668; x_wconf 78' lang='lat' dir='ltr'>propterea</span> <span class='ocrx_word' id='word_1_244' title='bbox 2082 1607 2193 1671; x_wconf 84' lang='lat' dir='ltr'>quod</span> <span class='ocrx_word' id='word_1_245' title='bbox 2205 1607 2349 1669; x_wconf 70' lang='lat' dir='ltr'>fecisti</span> <span class='ocrx_word' id='word_1_246' title='bbox 2379 1624 2481 1657; x_wconf 85' lang='lat' dir='ltr'>ver-</span> 
     </span>
     <span class='ocr_line' id='line_1_22' title="bbox 497 1671 2482 1739; baseline 0 -18"><span class='ocrx_word' id='word_1_247' title='bbox 497 1675 593 1721; x_wconf 81' lang='lat' dir='ltr'>bum</span> <span class='ocrx_word' id='word_1_248' title='bbox 616 1673 708 1730; x_wconf 88' lang='lat' dir='ltr'>hoc,</span> <span class='ocrx_word' id='word_1_249' title='bbox 747 1672 801 1721; x_wconf 69' lang='lat'>69³</span> <span class='ocrx_word' id='word_1_250' title='bbox 825 1689 904 1719; x_wconf 87' lang='lat' dir='ltr'>non</span> <span class='ocrx_word' id='word_1_251' title='bbox 934 1672 1150 1723; x_wconf 65' lang='lat' dir='ltr'>cohibuisti</span> <span class='ocrx_word' id='word_1_252' title='bbox 1180 1672 1318 1730; x_wconf 85' lang='lat' dir='ltr'>filium</span> <span class='ocrx_word' id='word_1_253' title='bbox 1348 1682 1483 1729; x_wconf 88' lang='lat' dir='ltr'>tuum,</span> <span class='ocrx_word' id='word_1_254' title='bbox 1520 1674 1685 1720; x_wconf 77' lang='lat' dir='ltr'>unicum</span> <span class='ocrx_word' id='word_1_255' title='bbox 1714 1681 1847 1719; x_wconf 87' lang='lat' dir='ltr'>tuum.</span> <span class='ocrx_word' id='word_1_256' title='bbox 1917 1671 2148 1720; x_wconf 88' lang='lat' dir='ltr'>Clamavit</span> <span class='ocrx_word' id='word_1_257' title='bbox 2170 1673 2381 1739; x_wconf 87' lang='lat' dir='ltr'>Angelus</span> <span class='ocrx_word' id='word_1_258' title='bbox 2403 1675 2482 1736; x_wconf 85' lang='lat' dir='ltr'>Je-</span> 
     </span>
     <span class='ocr_line' id='line_1_23' title="bbox 497 1737 2482 1801; baseline 0.001 -14"><span class='ocrx_word' id='word_1_259' title='bbox 497 1740 632 1787; x_wconf 85' lang='lat' dir='ltr'>hovae</span> <span class='ocrx_word' id='word_1_260' title='bbox 667 1739 724 1786; x_wconf 91' lang='lat' dir='ltr'>ad</span> <span class='ocrx_word' id='word_1_261' title='bbox 749 1737 979 1786; x_wconf 86' lang='lat' dir='ltr'>Abraham</span> <span class='ocrx_word' id='word_1_262' title='bbox 1014 1738 1209 1801; x_wconf 84' lang='lat' dir='ltr'>secundo</span> <span class='ocrx_word' id='word_1_263' title='bbox 1241 1754 1267 1785; x_wconf 89' lang='lat' dir='ltr'>e</span> <span class='ocrx_word' id='word_1_264' title='bbox 1290 1738 1430 1795; x_wconf 86' lang='lat' dir='ltr'>coelo,</span> <span class='ocrx_word' id='word_1_265' title='bbox 1470 1738 1696 1801; x_wconf 81' lang='lat' dir='ltr'>fignificat·</span> <span class='ocrx_word' id='word_1_266' title='bbox 1727 1737 2079 1786; x_wconf 87' lang='lat' dir='ltr'>consolationem</span> <span class='ocrx_word' id='word_1_267' title='bbox 2102 1740 2296 1786; x_wconf 85' lang='lat' dir='ltr'>Domini</span> <span class='ocrx_word' id='word_1_268' title='bbox 2333 1741 2482 1788; x_wconf 88' lang='lat' dir='ltr'>adhuc</span> 
     </span>
     <span class='ocr_line' id='line_1_24' title="bbox 496 1802 2477 1871; baseline 0.001 -18"><span class='ocrx_word' id='word_1_269' title='bbox 496 1804 714 1871; x_wconf 86' lang='lat' dir='ltr'>majorem</span> <span class='ocrx_word' id='word_1_270' title='bbox 735 1820 792 1852; x_wconf 84' lang='lat' dir='ltr'>ex</span> <span class='ocrx_word' id='word_1_271' title='bbox 814 1805 988 1852; x_wconf 89' lang='lat' dir='ltr'>Divino</span> <span class='ocrx_word' id='word_1_272' title='bbox 1009 1827 1022 1861; x_wconf 76' lang='lat'>3</span> <span class='ocrx_word' id='word_1_273' title='bbox 1061 1805 1109 1852; x_wconf 78' lang='grc' dir='ltr'>δε</span> <span class='ocrx_word' id='word_1_274' title='bbox 1134 1805 1267 1862; x_wconf 87' lang='lat' dir='ltr'>dixit,</span> <span class='ocrx_word' id='word_1_275' title='bbox 1303 1805 1351 1852; x_wconf 93' lang='lat' dir='ltr'>in</span> <span class='ocrx_word' id='word_1_276' title='bbox 1376 1805 1462 1852; x_wconf 89' lang='lat' dir='ltr'>Me</span> <span class='ocrx_word' id='word_1_277' title='bbox 1487 1802 1655 1867; x_wconf 85' lang='lat' dir='ltr'>juravi,</span> <span class='ocrx_word' id='word_1_278' title='bbox 1689 1803 1866 1852; x_wconf 66' lang='lat' dir='ltr'>dictum</span> <span class='ocrx_word' id='word_1_279' title='bbox 1890 1805 2098 1866; x_wconf 77' lang='lat' dir='ltr'>Jehovae,</span> <span class='ocrx_word' id='word_1_280' title='bbox 2123 1805 2345 1869; x_wconf 82' lang='lat' dir='ltr'>fignificat</span> <span class='ocrx_word' id='word_1_281' title='bbox 2367 1820 2477 1854; x_wconf 83' lang='lat' dir='ltr'>con-</span> 
     </span>
     <span class='ocr_line' id='line_1_25' title="bbox 495 1869 2480 1935; baseline 0.001 -16"><span class='ocrx_word' id='word_1_282' title='bbox 495 1873 801 1920; x_wconf 87' lang='lat' dir='ltr'>firmationem</span> <span class='ocrx_word' id='word_1_283' title='bbox 842 1887 898 1918; x_wconf 87' lang='lat' dir='ltr'>ex</span> <span class='ocrx_word' id='word_1_284' title='bbox 920 1872 1093 1919; x_wconf 91' lang='lat' dir='ltr'>Divino</span> <span class='ocrx_word' id='word_1_285' title='bbox 1127 1871 1496 1919; x_wconf 79' lang='lat' dir='ltr'>irrevocabilem:</span> <span class='ocrx_word' id='word_1_286' title='bbox 1535 1871 1643 1934; x_wconf 89' lang='lat' dir='ltr'>quia</span> <span class='ocrx_word' id='word_1_287' title='bbox 1670 1882 1905 1935; x_wconf 88' lang='lat' dir='ltr'>propterea</span> <span class='ocrx_word' id='word_1_288' title='bbox 1943 1872 2071 1935; x_wconf 87' lang='lat' dir='ltr'>quod</span> <span class='ocrx_word' id='word_1_289' title='bbox 2105 1869 2248 1919; x_wconf 79' lang='lat' dir='ltr'>fecisti</span> <span class='ocrx_word' id='word_1_290' title='bbox 2283 1871 2480 1921; x_wconf 85' lang='lat' dir='ltr'>verbum</span> 
     </span>
     <span class='ocr_line' id='line_1_26' title="bbox 495 1936 2480 2000; baseline 0.001 -15"><span class='ocrx_word' id='word_1_291' title='bbox 495 1938 601 1995; x_wconf 87' lang='lat' dir='ltr'>hoc,</span> <span class='ocrx_word' id='word_1_292' title='bbox 651 1936 871 2000; x_wconf 81' lang='lat' dir='ltr'>fignificat</span> <span class='ocrx_word' id='word_1_293' title='bbox 910 1952 1004 1984; x_wconf 88' lang='lat' dir='ltr'>rem</span> <span class='ocrx_word' id='word_1_294' title='bbox 1044 1936 1342 1986; x_wconf 67' lang='lat' dir='ltr'>transaetum:</span> <span class='ocrx_word' id='word_1_295' title='bbox 1407 1939 1455 1986; x_wconf 84' lang='lat'>&amp;</span> <span class='ocrx_word' id='word_1_296' title='bbox 1493 1953 1586 1985; x_wconf 88' lang='lat' dir='ltr'>non</span> <span class='ocrx_word' id='word_1_297' title='bbox 1625 1936 1863 1984; x_wconf 81' lang='lat' dir='ltr'>cohibuisti</span> <span class='ocrx_word' id='word_1_298' title='bbox 1905 1937 2055 1985; x_wconf 78' lang='lat' dir='ltr'>filium</span> <span class='ocrx_word' id='word_1_299' title='bbox 2087 1944 2241 1995; x_wconf 87' lang='lat' dir='ltr'>tuum,</span> <span class='ocrx_word' id='word_1_300' title='bbox 2289 1939 2480 1987; x_wconf 83' lang='lat' dir='ltr'>unicum</span> 
     </span>
     <span class='ocr_line' id='line_1_27' title="bbox 495 2003 2395 2068; baseline 0.001 -16"><span class='ocrx_word' id='word_1_301' title='bbox 495 2017 646 2060; x_wconf 91' lang='lat' dir='ltr'>tuum,</span> <span class='ocrx_word' id='word_1_302' title='bbox 682 2003 901 2067; x_wconf 87' lang='lat' dir='ltr'>fignificat</span> <span class='ocrx_word' id='word_1_303' title='bbox 934 2004 1184 2051; x_wconf 88' lang='lat' dir='ltr'>unitionem</span> <span class='ocrx_word' id='word_1_304' title='bbox 1208 2004 1419 2052; x_wconf 86' lang='lat' dir='ltr'>Humani</span> <span class='ocrx_word' id='word_1_305' title='bbox 1448 2019 1558 2051; x_wconf 91' lang='lat' dir='ltr'>cum</span> <span class='ocrx_word' id='word_1_306' title='bbox 1582 2004 1758 2051; x_wconf 83' lang='lat' dir='ltr'>Divino</span> <span class='ocrx_word' id='word_1_307' title='bbox 1786 2019 1867 2068; x_wconf 84' lang='lat' dir='ltr'>per</span> <span class='ocrx_word' id='word_1_308' title='bbox 1885 2004 2102 2052; x_wconf 88' lang='lat' dir='ltr'>ultimum</span> <span class='ocrx_word' id='word_1_309' title='bbox 2126 2005 2395 2053; x_wconf 78' lang='lat' dir='ltr'>tentationis.</span> 
     </span>
    </p>

    <p class='ocr_par' dir='ltr' id='par_1_4' title="bbox 460 2068 2482 2852">
     <span class='ocr_line' id='line_1_28' title="bbox 566 2068 2481 2136; baseline -0.001 -16"><span class='ocrx_word' id='word_1_310' title='bbox 566 2075 708 2131; x_wconf 86' lang='lat'>2841.</span> <span class='ocrx_word' id='word_1_311' title='bbox 745 2069 974 2116; x_wconf 88' lang='lat' dir='ltr'>Clamavit</span> <span class='ocrx_word' id='word_1_312' title='bbox 998 2070 1204 2133; x_wconf 90' lang='lat' dir='ltr'>Angelus</span> <span class='ocrx_word' id='word_1_313' title='bbox 1228 2070 1421 2130; x_wconf 83' lang='lat' dir='ltr'>Jehovae</span> <span class='ocrx_word' id='word_1_314' title='bbox 1449 2070 1505 2117; x_wconf 92' lang='lat' dir='ltr'>ad</span> <span class='ocrx_word' id='word_1_315' title='bbox 1531 2069 1765 2117; x_wconf 88' lang='lat' dir='ltr'>Abraham</span> <span class='ocrx_word' id='word_1_316' title='bbox 1795 2068 1992 2119; x_wconf 87' lang='lat' dir='ltr'>secundo</span> <span class='ocrx_word' id='word_1_317' title='bbox 2019 2087 2044 2117; x_wconf 90' lang='lat' dir='ltr'>e</span> <span class='ocrx_word' id='word_1_318' title='bbox 2066 2071 2203 2127; x_wconf 82' lang='lat' dir='ltr'>coelo,</span> <span class='ocrx_word' id='word_1_319' title='bbox 2241 2072 2367 2134; x_wconf 85' lang='lat' dir='ltr'>quod</span> <span class='ocrx_word' id='word_1_320' title='bbox 2391 2071 2481 2136; x_wconf 85' lang='lat' dir='ltr'>fig-</span> 
     </span>
     <span class='ocr_line' id='line_1_29' title="bbox 498 2133 2481 2200; baseline 0.001 -16"><span class='ocrx_word' id='word_1_321' title='bbox 498 2137 651 2185; x_wconf 80' lang='lat' dir='ltr'>nificet</span> <span class='ocrx_word' id='word_1_322' title='bbox 683 2134 1030 2184; x_wconf 88' lang='lat' dir='ltr'>consolationem</span> <span class='ocrx_word' id='word_1_323' title='bbox 1054 2136 1249 2184; x_wconf 87' lang='lat' dir='ltr'>Domini</span> <span class='ocrx_word' id='word_1_324' title='bbox 1285 2136 1431 2184; x_wconf 88' lang='lat' dir='ltr'>adhuc</span> <span class='ocrx_word' id='word_1_325' title='bbox 1456 2133 1693 2199; x_wconf 87' lang='lat' dir='ltr'>majorem,</span> <span class='ocrx_word' id='word_1_326' title='bbox 1740 2135 1911 2184; x_wconf 85' lang='lat' dir='ltr'>constat</span> <span class='ocrx_word' id='word_1_327' title='bbox 1947 2152 2005 2184; x_wconf 84' lang='lat' dir='ltr'>ex</span> <span class='ocrx_word' id='word_1_328' title='bbox 2028 2136 2352 2200; x_wconf 67' lang='lat' dir='ltr'>significatione</span> <span class='ocrx_word' id='word_1_329' title='bbox 2390 2138 2481 2187; x_wconf 89' lang='lat' dir='ltr'>cla-</span> 
     </span>
     <span class='ocr_line' id='line_1_30' title="bbox 497 2196 2482 2268; baseline 0.001 -17"><span class='ocrx_word' id='word_1_330' title='bbox 497 2219 619 2251; x_wconf 88' lang='lat' dir='ltr'>mare</span> <span class='ocrx_word' id='word_1_331' title='bbox 642 2218 666 2249; x_wconf 93' lang='lat' dir='ltr'>e</span> <span class='ocrx_word' id='word_1_332' title='bbox 690 2196 834 2257; x_wconf 78' lang='lat' dir='ltr'>coelo,</span> <span class='ocrx_word' id='word_1_333' title='bbox 865 2201 990 2266; x_wconf 89' lang='lat' dir='ltr'>quod</span> <span class='ocrx_word' id='word_1_334' title='bbox 1030 2201 1083 2250; x_wconf 93' lang='lat' dir='ltr'>s1t</span> <span class='ocrx_word' id='word_1_335' title='bbox 1119 2201 1370 2258; x_wconf 86' lang='lat' dir='ltr'>consolari;</span> <span class='ocrx_word' id='word_1_336' title='bbox 1411 2203 1462 2250; x_wconf 81' lang='grc' dir='ltr'>ὅτ</span> <span class='ocrx_word' id='word_1_337' title='bbox 1492 2217 1550 2250; x_wconf 88' lang='lat' dir='ltr'>ex</span> <span class='ocrx_word' id='word_1_338' title='bbox 1559 2198 1896 2265; x_wconf 64' lang='lat' dir='ltr'>‘fignificatione</span> <span class='ocrx_word' id='word_1_339' title='bbox 1917 2203 2089 2267; x_wconf 89' lang='lat' dir='ltr'>Angeli</span> <span class='ocrx_word' id='word_1_340' title='bbox 2112 2202 2321 2264; x_wconf 87' lang='lat' dir='ltr'>Jehovae,</span> <span class='ocrx_word' id='word_1_341' title='bbox 2353 2203 2482 2268; x_wconf 85' lang='lat' dir='ltr'>quod</span> 
     </span>
     <span class='ocr_line' id='line_1_31' title="bbox 496 2260 2479 2342; baseline 0.001 -26"><span class='ocrx_word' id='word_1_342' title='bbox 496 2260 550 2342; x_wconf 63' lang='lat' dir='ltr'>(it</span> <span class='ocrx_word' id='word_1_343' title='bbox 587 2268 734 2339; x_wconf 75' lang='lat' dir='ltr'>ipsum</span> <span class='ocrx_word' id='word_1_344' title='bbox 772 2268 999 2316; x_wconf 86' lang='lat' dir='ltr'>Divinum</span> <span class='ocrx_word' id='word_1_345' title='bbox 1023 2269 1234 2325; x_wconf 89' lang='lat' dir='ltr'>Domini,</span> <span class='ocrx_word' id='word_1_346' title='bbox 1273 2268 1332 2316; x_wconf 86' lang='lat' dir='ltr'>de</span> <span class='ocrx_word' id='word_1_347' title='bbox 1353 2267 1519 2333; x_wconf 90' lang='lat' dir='ltr'>quibus</span> <span class='ocrx_word' id='word_1_348' title='bbox 1553 2265 1686 2332; x_wconf 90' lang='lat' dir='ltr'>supra</span> <span class='ocrx_word' id='word_1_349' title='bbox 1723 2284 1754 2314; x_wconf 92' lang='lat' dir='ltr'>n</span> <span class='ocrx_word' id='word_1_350' title='bbox 1780 2286 1791 2316; x_wconf 93' lang='lat'><strong>:</strong></span> <span class='ocrx_word' id='word_1_351' title='bbox 1819 2272 1965 2326; x_wconf 80' lang='lat'>2821,</span> <span class='ocrx_word' id='word_1_352' title='bbox 2012 2268 2093 2316; x_wconf 88' lang='lat' dir='ltr'>ubi</span> <span class='ocrx_word' id='word_1_353' title='bbox 2129 2269 2285 2317; x_wconf 89' lang='lat' dir='ltr'>eadem</span> <span class='ocrx_word' id='word_1_354' title='bbox 2310 2269 2479 2318; x_wconf 84' lang='lat' dir='ltr'>verba:</span> 
     </span>
     <span class='ocr_line' id='line_1_32' title="bbox 495 2331 2482 2399; baseline -0.001 -16"><span class='ocrx_word' id='word_1_355' title='bbox 495 2335 622 2399; x_wconf 75' lang='lat' dir='ltr'>quod</span> <span class='ocrx_word' id='word_1_356' title='bbox 646 2334 718 2381; x_wconf 91' lang='lat' dir='ltr'>hic</span> <span class='ocrx_word' id='word_1_357' title='bbox 742 2333 916 2381; x_wconf 90' lang='lat' dir='ltr'>dicatur</span> <span class='ocrx_word' id='word_1_358' title='bbox 939 2334 1138 2393; x_wconf 77' lang='lat' dir='ltr'>fhcundo,</span> <span class='ocrx_word' id='word_1_359' title='bbox 1178 2334 1242 2381; x_wconf 88' lang='lat' dir='ltr'>est</span> <span class='ocrx_word' id='word_1_360' title='bbox 1263 2336 1370 2398; x_wconf 90' lang='lat' dir='ltr'>quia</span> <span class='ocrx_word' id='word_1_361' title='bbox 1394 2331 1538 2396; x_wconf 86' lang='lat' dir='ltr'>major</span> <span class='ocrx_word' id='word_1_362' title='bbox 1559 2333 1835 2389; x_wconf 81' lang='lat' dir='ltr'>consolati03</span> <span class='ocrx_word' id='word_1_363' title='bbox 1871 2335 2019 2397; x_wconf 86' lang='lat' dir='ltr'>prima</span> <span class='ocrx_word' id='word_1_364' title='bbox 2056 2333 2300 2381; x_wconf 83' lang='lat' dir='ltr'>consolatio</span> <span class='ocrx_word' id='word_1_365' title='bbox 2335 2335 2482 2382; x_wconf 91' lang='lat' dir='ltr'>conti-</span> 
     </span>
     <span class='ocr_line' id='line_1_33' title="bbox 483 2398 2482 2464; baseline 0 -16"><span class='ocrx_word' id='word_1_366' title='bbox 483 2408 628 2449; x_wconf 68' lang='lat' dir='ltr'>&#39;&#39;netur</span> <span class='ocrx_word' id='word_1_367' title='bbox 658 2402 704 2447; x_wconf 87' lang='lat' dir='ltr'>in</span> <span class='ocrx_word' id='word_1_368' title='bbox 728 2399 869 2447; x_wconf 90' lang='lat' dir='ltr'>Vers:</span> <span class='ocrx_word' id='word_1_369' title='bbox 896 2417 966 2448; x_wconf 85' lang='lat'>12.</span> <span class='ocrx_word' id='word_1_370' title='bbox 1001 2418 1073 2463; x_wconf 82' lang='lat'>13.</span> <span class='ocrx_word' id='word_1_371' title='bbox 1106 2417 1182 2459; x_wconf 92' lang='lat'>14,</span> <span class='ocrx_word' id='word_1_372' title='bbox 1224 2399 1303 2446; x_wconf 88' lang='lat' dir='ltr'>ubi</span> <span class='ocrx_word' id='word_1_373' title='bbox 1333 2402 1493 2464; x_wconf 25' lang='lat' dir='ltr'>agitur)</span> <span class='ocrx_word' id='word_1_374' title='bbox 1517 2400 1575 2446; x_wconf 90' lang='lat' dir='ltr'>de</span> <span class='ocrx_word' id='word_1_375' title='bbox 1607 2399 1902 2446; x_wconf 78' lang='lat' dir='ltr'>Providentia</span> <span class='ocrx_word' id='word_1_376' title='bbox 1937 2401 2124 2456; x_wconf 87' lang='lat' dir='ltr'>Divina,</span> <span class='ocrx_word' id='word_1_377' title='bbox 2164 2398 2293 2463; x_wconf 90' lang='lat' dir='ltr'>quod</span> <span class='ocrx_word' id='word_1_378' title='bbox 2326 2398 2391 2447; x_wconf 81' lang='lat' dir='ltr'>illi</span> <span class='ocrx_word' id='word_1_379' title='bbox 2424 2416 2482 2449; x_wconf 80' lang='lat' dir='ltr'>ex</span> 
     </span>
     <span class='ocr_line' id='line_1_34' title="bbox 495 2464 2480 2530; baseline 0.001 -16"><span class='ocrx_word' id='word_1_380' title='bbox 495 2467 697 2514; x_wconf 88' lang='lat' dir='ltr'>humano</span> <span class='ocrx_word' id='word_1_381' title='bbox 735 2482 912 2529; x_wconf 90' lang='lat' dir='ltr'>genere,</span> <span class='ocrx_word' id='word_1_382' title='bbox 957 2468 1039 2529; x_wconf 90' lang='lat' dir='ltr'>qui</span> <span class='ocrx_word' id='word_1_383' title='bbox 1077 2465 1337 2530; x_wconf 90' lang='lat' dir='ltr'>Spirituales</span> <span class='ocrx_word' id='word_1_384' title='bbox 1379 2465 1610 2521; x_wconf 90' lang='lat' dir='ltr'>dicuntur,</span> <span class='ocrx_word' id='word_1_385' title='bbox 1650 2464 2003 2528; x_wconf 86' lang='lat' dir='ltr'>adoptarentur;</span> <span class='ocrx_word' id='word_1_386' title='bbox 2048 2465 2183 2511; x_wconf 85' lang='lat' dir='ltr'>altera</span> <span class='ocrx_word' id='word_1_387' title='bbox 2220 2464 2480 2528; x_wconf 73' lang='lat' dir='ltr'>consolatio,</span> 
     </span>
     <span class='ocr_line' id='line_1_35' title="bbox 495 2527 2478 2594; baseline -0.001 -15"><span class='ocrx_word' id='word_1_388' title='bbox 495 2547 602 2594; x_wconf 88' lang='lat' dir='ltr'>quae</span> <span class='ocrx_word' id='word_1_389' title='bbox 627 2529 783 2594; x_wconf 78' lang='lat' dir='ltr'>major,</span> <span class='ocrx_word' id='word_1_390' title='bbox 818 2532 1074 2578; x_wconf 88' lang='lat' dir='ltr'>continetur</span> <span class='ocrx_word' id='word_1_391' title='bbox 1096 2535 1143 2578; x_wconf 90' lang='lat' dir='ltr'>in</span> <span class='ocrx_word' id='word_1_392' title='bbox 1166 2531 1396 2587; x_wconf 77' lang='lat' dir='ltr'>Versibus,</span> <span class='ocrx_word' id='word_1_393' title='bbox 1421 2532 1500 2592; x_wconf 92' lang='lat' dir='ltr'>qui</span> <span class='ocrx_word' id='word_1_394' title='bbox 1523 2531 1783 2592; x_wconf 90' lang='lat' dir='ltr'>sequuntur,</span> <span class='ocrx_word' id='word_1_395' title='bbox 1828 2545 1901 2592; x_wconf 92' lang='lat'>17,</span> <span class='ocrx_word' id='word_1_396' title='bbox 1927 2534 2002 2585; x_wconf 87' lang='lat'>18,</span> <span class='ocrx_word' id='word_1_397' title='bbox 2042 2527 2130 2591; x_wconf 86' lang='lat' dir='ltr'>seq.</span> <span class='ocrx_word' id='word_1_398' title='bbox 2155 2529 2212 2575; x_wconf 92' lang='lat' dir='ltr'>ad</span> <span class='ocrx_word' id='word_1_399' title='bbox 2237 2528 2271 2585; x_wconf 88' lang='lat' dir='ltr'>f,</span> <span class='ocrx_word' id='word_1_400' title='bbox 2296 2545 2478 2594; x_wconf 89' lang='lat' dir='ltr'>nempe,</span> 
     </span>
     <span class='ocr_line' id='line_1_36' title="bbox 497 2593 2482 2659; baseline 0.001 -16"><span class='ocrx_word' id='word_1_401' title='bbox 497 2597 623 2659; x_wconf 91' lang='lat' dir='ltr'>quod</span> <span class='ocrx_word' id='word_1_402' title='bbox 648 2595 902 2659; x_wconf 88' lang='lat' dir='ltr'>Spirituales</span> <span class='ocrx_word' id='word_1_403' title='bbox 928 2596 1332 2658; x_wconf 87' lang='lat' dir='ltr'>multiplicarentur</span> <span class='ocrx_word' id='word_1_404' title='bbox 1369 2596 1481 2641; x_wconf 92' lang='lat' dir='ltr'>ficut</span> <span class='ocrx_word' id='word_1_405' title='bbox 1517 2594 1654 2640; x_wconf 89' lang='lat' dir='ltr'>stellae</span> <span class='ocrx_word' id='word_1_406' title='bbox 1693 2593 1938 2649; x_wconf 88' lang='lat' dir='ltr'>coelorum,</span> <span class='ocrx_word' id='word_1_407' title='bbox 1976 2594 2028 2640; x_wconf 88' lang='lat'>&amp;</span> <span class='ocrx_word' id='word_1_408' title='bbox 2060 2593 2175 2640; x_wconf 79' lang='lat' dir='ltr'>ficut</span> <span class='ocrx_word' id='word_1_409' title='bbox 2205 2609 2331 2641; x_wconf 88' lang='lat' dir='ltr'>arena</span> <span class='ocrx_word' id='word_1_410' title='bbox 2352 2596 2482 2659; x_wconf 88' lang='lat' dir='ltr'>super</span> 
     </span>
     <span class='ocr_line' id='line_1_37' title="bbox 460 2657 2479 2724; baseline 0 -15"><span class='ocrx_word' id='word_1_411' title='bbox 460 2679 462 2681; x_wconf 68' lang='grc'><strong><em>’</em></strong></span> <span class='ocrx_word' id='word_1_412' title='bbox 499 2663 629 2711; x_wconf 89' lang='lat' dir='ltr'>litore</span> <span class='ocrx_word' id='word_1_413' title='bbox 671 2662 828 2708; x_wconf 89' lang='lat' dir='ltr'>maris:</span> <span class='ocrx_word' id='word_1_414' title='bbox 877 2661 926 2707; x_wconf 84' lang='lat'>&amp;</span> <span class='ocrx_word' id='word_1_415' title='bbox 967 2661 1093 2722; x_wconf 89' lang='lat' dir='ltr'>quod</span> <span class='ocrx_word' id='word_1_416' title='bbox 1117 2659 1389 2706; x_wconf 83' lang='lat' dir='ltr'>salvarentur</span> <span class='ocrx_word' id='word_1_417' title='bbox 1421 2675 1513 2705; x_wconf 91' lang='lat' dir='ltr'>non</span> <span class='ocrx_word' id='word_1_418' title='bbox 1536 2657 1682 2705; x_wconf 87' lang='lat' dir='ltr'>solum</span> <span class='ocrx_word' id='word_1_419' title='bbox 1716 2658 1798 2713; x_wconf 90' lang='lat' dir='ltr'>illi,</span> <span class='ocrx_word' id='word_1_420' title='bbox 1837 2657 1911 2704; x_wconf 90' lang='lat' dir='ltr'>sed</span> <span class='ocrx_word' id='word_1_421' title='bbox 1948 2659 2082 2705; x_wconf 90' lang='lat' dir='ltr'>etiam</span> <span class='ocrx_word' id='word_1_422' title='bbox 2117 2674 2275 2706; x_wconf 90' lang='lat' dir='ltr'>omnes</span> <span class='ocrx_word' id='word_1_423' title='bbox 2313 2663 2395 2724; x_wconf 91' lang='lat' dir='ltr'>qui</span> <span class='ocrx_word' id='word_1_424' title='bbox 2431 2663 2479 2711; x_wconf 88' lang='lat' dir='ltr'>in</span> 
     </span>
     <span class='ocr_line' id='line_1_38' title="bbox 501 2722 2480 2788; baseline 0.001 -14"><span class='ocrx_word' id='word_1_425' title='bbox 501 2729 623 2774; x_wconf 91' lang='lat' dir='ltr'>bono</span> <span class='ocrx_word' id='word_1_426' title='bbox 646 2726 747 2773; x_wconf 87' lang='lat' dir='ltr'>sunt</span> <span class='ocrx_word' id='word_1_427' title='bbox 766 2744 776 2773; x_wconf 73' lang='grc' dir='ltr'>ε</span> <span class='ocrx_word' id='word_1_428' title='bbox 814 2725 911 2772; x_wconf 78' lang='lat' dir='ltr'>haec</span> <span class='ocrx_word' id='word_1_429' title='bbox 934 2723 1116 2771; x_wconf 85' lang='lat' dir='ltr'>fuerunt</span> <span class='ocrx_word' id='word_1_430' title='bbox 1137 2726 1303 2771; x_wconf 84' lang='lat' dir='ltr'>amoris</span> <span class='ocrx_word' id='word_1_431' title='bbox 1323 2725 1517 2771; x_wconf 88' lang='lat' dir='ltr'>Domini</span> <span class='ocrx_word' id='word_1_432' title='bbox 1536 2746 1551 2778; x_wconf 89' lang='lat'>;</span> <span class='ocrx_word' id='word_1_433' title='bbox 1587 2738 1723 2786; x_wconf 87' lang='lat' dir='ltr'>quare</span> <span class='ocrx_word' id='word_1_434' title='bbox 1744 2738 1801 2769; x_wconf 86' lang='lat' dir='ltr'>ex</span> <span class='ocrx_word' id='word_1_435' title='bbox 1824 2722 1910 2769; x_wconf 90' lang='lat' dir='ltr'>illis</span> <span class='ocrx_word' id='word_1_436' title='bbox 1932 2722 2174 2772; x_wconf 91' lang='lat' dir='ltr'>consolatio</span> <span class='ocrx_word' id='word_1_437' title='bbox 2196 2725 2284 2788; x_wconf 90' lang='lat' dir='ltr'>Ips1</span> <span class='ocrx_word' id='word_1_438' title='bbox 2305 2748 2318 2782; x_wconf 89' lang='lat'>;</span> <span class='ocrx_word' id='word_1_439' title='bbox 2358 2727 2480 2776; x_wconf 85' lang='lat' dir='ltr'>nulla</span> 
     </span>
     <span class='ocr_line' id='line_1_39' title="bbox 502 2786 2173 2852; baseline -0.005 -11"><span class='ocrx_word' id='word_1_440' title='bbox 502 2793 743 2841; x_wconf 87' lang='lat' dir='ltr'>consolatio</span> <span class='ocrx_word' id='word_1_441' title='bbox 765 2791 914 2847; x_wconf 89' lang='lat' dir='ltr'>alicui,</span> <span class='ocrx_word' id='word_1_442' title='bbox 947 2790 1027 2836; x_wconf 82' lang='lat' dir='ltr'>nifi</span> <span class='ocrx_word' id='word_1_443' title='bbox 1050 2806 1106 2837; x_wconf 88' lang='lat' dir='ltr'>ex</span> <span class='ocrx_word' id='word_1_444' title='bbox 1129 2790 1214 2836; x_wconf 87' lang='lat' dir='ltr'>illis</span> <span class='ocrx_word' id='word_1_445' title='bbox 1237 2806 1342 2852; x_wconf 82' lang='lat' dir='ltr'>quae</span> <span class='ocrx_word' id='word_1_446' title='bbox 1376 2788 1477 2837; x_wconf 90' lang='lat' dir='ltr'>sunt</span> <span class='ocrx_word' id='word_1_447' title='bbox 1509 2790 1674 2836; x_wconf 88' lang='lat' dir='ltr'>amoris</span> <span class='ocrx_word' id='word_1_448' title='bbox 1706 2786 1814 2851; x_wconf 89' lang='lat' dir='ltr'>ejus.</span> <span class='ocrx_word' id='word_1_449' title='bbox 2168 2829 2173 2833; x_wconf 85' lang='lat'>.</span> 
     </span>
    </p>

    <p class='ocr_par' dir='ltr' id='par_1_5' title="bbox 500 2853 2481 3250">
     <span class='ocr_line' id='line_1_40' title="bbox 573 2853 2481 2919; baseline -0.001 -13"><span class='ocrx_word' id='word_1_450' title='bbox 573 2864 713 2918; x_wconf 84' lang='lat'>2842.</span> <span class='ocrx_word' id='word_1_451' title='bbox 756 2857 820 2904; x_wconf 87' lang='lat' dir='ltr'>Et</span> <span class='ocrx_word' id='word_1_452' title='bbox 843 2856 974 2912; x_wconf 87' lang='lat' dir='ltr'>dixit,</span> <span class='ocrx_word' id='word_1_453' title='bbox 999 2857 1045 2903; x_wconf 90' lang='lat' dir='ltr'>in</span> <span class='ocrx_word' id='word_1_454' title='bbox 1070 2857 1154 2903; x_wconf 92' lang='lat' dir='ltr'>Me</span> <span class='ocrx_word' id='word_1_455' title='bbox 1170 2854 1336 2919; x_wconf 87' lang='lat' dir='ltr'>juravi,</span> <span class='ocrx_word' id='word_1_456' title='bbox 1372 2855 1547 2902; x_wconf 68' lang='lat' dir='ltr'>dictum</span> <span class='ocrx_word' id='word_1_457' title='bbox 1571 2855 1781 2916; x_wconf 84' lang='lat' dir='ltr'>Jehovae‚</span> <span class='ocrx_word' id='word_1_458' title='bbox 1818 2853 1944 2917; x_wconf 87' lang='lat' dir='ltr'>quod</span> <span class='ocrx_word' id='word_1_459' title='bbox 1968 2854 2218 2918; x_wconf 87' lang='lat' dir='ltr'>fignificent</span> <span class='ocrx_word' id='word_1_460' title='bbox 2240 2857 2481 2906; x_wconf 86' lang='lat' dir='ltr'>confirma-</span> 
     </span>
     <span class='ocr_line' id='line_1_41' title="bbox 503 2920 2478 2986; baseline -0.001 -13"><span class='ocrx_word' id='word_1_461' title='bbox 503 2927 673 2982; x_wconf 82' lang='lat' dir='ltr'>tionem</span> <span class='ocrx_word' id='word_1_462' title='bbox 707 2939 762 2970; x_wconf 87' lang='lat' dir='ltr'>ex</span> <span class='ocrx_word' id='word_1_463' title='bbox 803 2923 974 2968; x_wconf 89' lang='lat' dir='ltr'>Divino</span> <span class='ocrx_word' id='word_1_464' title='bbox 1014 2921 1366 2978; x_wconf 89' lang='lat' dir='ltr'>irrevocabilem,</span> <span class='ocrx_word' id='word_1_465' title='bbox 1412 2937 1576 2984; x_wconf 91' lang='lat' dir='ltr'>nempe</span> <span class='ocrx_word' id='word_1_466' title='bbox 1613 2921 1671 2967; x_wconf 88' lang='lat' dir='ltr'>de</span> <span class='ocrx_word' id='word_1_467' title='bbox 1710 2920 1795 2967; x_wconf 89' lang='lat' dir='ltr'>illis</span> <span class='ocrx_word' id='word_1_468' title='bbox 1835 2936 1941 2983; x_wconf 83' lang='lat' dir='ltr'>quae</span> <span class='ocrx_word' id='word_1_469' title='bbox 1980 2920 2240 2986; x_wconf 86' lang='lat' dir='ltr'>sequuntur,</span> <span class='ocrx_word' id='word_1_470' title='bbox 2280 2923 2478 2971; x_wconf 87' lang='lat' dir='ltr'>constare</span> 
     </span>
     <span class='ocr_line' id='line_1_42' title="bbox 502 2984 2477 3055; baseline -0.001 -17"><span class='ocrx_word' id='word_1_471' title='bbox 502 2990 647 3055; x_wconf 89' lang='lat' dir='ltr'>potest</span> <span class='ocrx_word' id='word_1_472' title='bbox 668 3006 692 3036; x_wconf 90' lang='lat' dir='ltr'>a</span> <span class='ocrx_word' id='word_1_473' title='bbox 715 2988 1034 3052; x_wconf 76' lang='lat' dir='ltr'>significatione</span> <span class='ocrx_word' id='word_1_474' title='bbox 1056 2987 1219 3043; x_wconf 88' lang='lat' dir='ltr'>dicere,</span> <span class='ocrx_word' id='word_1_475' title='bbox 1255 2988 1300 3033; x_wconf 92' lang='lat' dir='ltr'>in</span> <span class='ocrx_word' id='word_1_476' title='bbox 1325 2989 1408 3034; x_wconf 89' lang='lat' dir='ltr'>Me</span> <span class='ocrx_word' id='word_1_477' title='bbox 1423 2984 1590 3050; x_wconf 86' lang='lat' dir='ltr'>jurare,</span> <span class='ocrx_word' id='word_1_478' title='bbox 1625 2987 1675 3034; x_wconf 75' lang='grc' dir='ltr'>δε</span> <span class='ocrx_word' id='word_1_479' title='bbox 1699 2986 1808 3033; x_wconf 65' lang='lat' dir='ltr'>dieti</span> <span class='ocrx_word' id='word_1_480' title='bbox 1832 2986 2040 3046; x_wconf 86' lang='lat' dir='ltr'>Jehovae,</span> <span class='ocrx_word' id='word_1_481' title='bbox 2081 3003 2188 3050; x_wconf 85' lang='lat' dir='ltr'>quae</span> <span class='ocrx_word' id='word_1_482' title='bbox 2225 2990 2377 3036; x_wconf 91' lang='lat' dir='ltr'>omnia</span> <span class='ocrx_word' id='word_1_483' title='bbox 2409 2990 2477 3037; x_wconf 85' lang='lat' dir='ltr'>in·</span> 
     </span>
     <span class='ocr_line' id='line_1_43' title="bbox 501 3051 2475 3116; baseline -0.002 -12"><span class='ocrx_word' id='word_1_484' title='bbox 501 3058 699 3105; x_wconf 89' lang='lat' dir='ltr'>volvunt</span> <span class='ocrx_word' id='word_1_485' title='bbox 731 3054 1139 3110; x_wconf 81' lang='lat' dir='ltr'>confirmationem,</span> <span class='ocrx_word' id='word_1_486' title='bbox 1176 3054 1224 3099; x_wconf 89' lang='lat'>&amp;</span> <span class='ocrx_word' id='word_1_487' title='bbox 1248 3054 1435 3116; x_wconf 89' lang='lat' dir='ltr'>quidem</span> <span class='ocrx_word' id='word_1_488' title='bbox 1459 3068 1516 3100; x_wconf 87' lang='lat' dir='ltr'>ex</span> <span class='ocrx_word' id='word_1_489' title='bbox 1543 3053 1728 3105; x_wconf 86' lang='lat' dir='ltr'>DivinO,</span> <span class='ocrx_word' id='word_1_490' title='bbox 1764 3051 1851 3098; x_wconf 92' lang='lat' dir='ltr'>hoc</span> <span class='ocrx_word' id='word_1_491' title='bbox 1884 3051 1962 3108; x_wconf 85' lang='lat' dir='ltr'>est,</span> <span class='ocrx_word' id='word_1_492' title='bbox 1997 3068 2056 3099; x_wconf 84' lang='lat' dir='ltr'>ex</span> <span class='ocrx_word' id='word_1_493' title='bbox 2078 3053 2212 3116; x_wconf 78' lang='lat' dir='ltr'>Ipso3</span> <span class='ocrx_word' id='word_1_494' title='bbox 2253 3055 2475 3102; x_wconf 85' lang='lat' dir='ltr'>Divinum</span> 
     </span>
     <span class='ocr_line' id='line_1_44' title="bbox 503 3117 2475 3183; baseline -0.002 -12"><span class='ocrx_word' id='word_1_495' title='bbox 503 3139 584 3171; x_wconf 89' lang='lat' dir='ltr'>nec</span> <span class='ocrx_word' id='word_1_496' title='bbox 607 3121 785 3170; x_wconf 89' lang='lat' dir='ltr'>aliunde</span> <span class='ocrx_word' id='word_1_497' title='bbox 804 3136 944 3183; x_wconf 88' lang='lat' dir='ltr'>quam</span> <span class='ocrx_word' id='word_1_498' title='bbox 967 3135 1023 3166; x_wconf 80' lang='lat' dir='ltr'>ex</span> <span class='ocrx_word' id='word_1_499' title='bbox 1046 3121 1101 3166; x_wconf 92' lang='lat' dir='ltr'>Se</span> <span class='ocrx_word' id='word_1_500' title='bbox 1128 3121 1141 3165; x_wconf 90' lang='lat' dir='ltr'>l</span> <span class='ocrx_word' id='word_1_501' title='bbox 1148 3118 1242 3182; x_wconf 93' lang='lat' dir='ltr'>pso,</span> <span class='ocrx_word' id='word_1_502' title='bbox 1287 3119 1550 3166; x_wconf 85' lang='lat' dir='ltr'>confirmare</span> <span class='ocrx_word' id='word_1_503' title='bbox 1572 3117 1734 3181; x_wconf 83' lang='lat' dir='ltr'>potest,</span> <span class='ocrx_word' id='word_1_504' title='bbox 1759 3118 1808 3164; x_wconf 88' lang='lat'>&amp;</span> <span class='ocrx_word' id='word_1_505' title='bbox 1830 3118 1955 3180; x_wconf 88' lang='lat' dir='ltr'>quod</span> <span class='ocrx_word' id='word_1_506' title='bbox 1979 3119 2234 3175; x_wconf 82' lang='lat' dir='ltr'>confirmat,</span> <span class='ocrx_word' id='word_1_507' title='bbox 2274 3119 2338 3166; x_wconf 88' lang='lat' dir='ltr'>est</span> <span class='ocrx_word' id='word_1_508' title='bbox 2371 3122 2475 3168; x_wconf 64' lang='lat' dir='ltr'>irre:</span> 
     </span>
     <span class='ocr_line' id='line_1_45' title="bbox 500 3182 2475 3250; baseline -0.002 -13"><span class='ocrx_word' id='word_1_509' title='bbox 500 3189 718 3245; x_wconf 85' lang='lat' dir='ltr'>vocabile,</span> <span class='ocrx_word' id='word_1_510' title='bbox 760 3188 864 3249; x_wconf 81' lang='lat' dir='ltr'>quia</span> <span class='ocrx_word' id='word_1_511' title='bbox 887 3187 1046 3233; x_wconf 85' lang='lat' dir='ltr'>veritas</span> <span class='ocrx_word' id='word_1_512' title='bbox 1078 3197 1275 3241; x_wconf 64' lang='lat' dir='ltr'>aeterna,</span> <span class='ocrx_word' id='word_1_513' title='bbox 1315 3184 1534 3249; x_wconf 88' lang='lat' dir='ltr'>quicquid</span> <span class='ocrx_word' id='word_1_514' title='bbox 1559 3183 1766 3246; x_wconf 87' lang='lat' dir='ltr'>Jehovah</span> <span class='ocrx_word' id='word_1_515' title='bbox 1797 3182 1868 3231; x_wconf 85' lang='lat' dir='ltr'>seu</span> <span class='ocrx_word' id='word_1_516' title='bbox 1894 3184 2123 3232; x_wconf 88' lang='lat' dir='ltr'>Dominus</span> <span class='ocrx_word' id='word_1_517' title='bbox 2159 3185 2374 3250; x_wconf 86' lang='lat' dir='ltr'>loquitur,</span> <span class='ocrx_word' id='word_1_518' title='bbox 2411 3187 2475 3233; x_wconf 81' lang='lat' dir='ltr'>est</span> 
     </span>
    </p>

    <p class='ocr_par' dir='ltr' id='par_1_6' title="bbox 2316 3264 2476 3300">
     <span class='ocr_line' id='line_1_46' title="bbox 2316 3264 2476 3300; baseline 0.013 -2"><span class='ocrx_word' id='word_1_519' title='bbox 2316 3264 2476 3300; x_wconf 77' lang='lat' dir='ltr'>veritas</span> 
     </span>
    </p>
   </div>
  </div>
 </body>
</html>
