2872 3730
619 247 964 342 CAPUT
1017 244 1585 319 VIGESIMUM
1615 242 2220 308 SECUNDUM.
2352 263 2439 326 43

439 379 660 436 muelem,
698 385 735 407 ‘⁴
757 380 880 427 Ecce
903 378 1030 426 dedit
1054 378 1261 439 Jehovah
1301 377 1430 440 super
1453 392 1535 423 vos
1558 376 1758 438 Regem,
1794 373 1826 420 s1
1849 375 2093 422 ‘Timum-itis
2115 374 2344 437 Jeho-vam,
2380 373 2429 420 &
2525 371 2531 375 ’

434 443 698 492 serviveritis
719 445 825 508 Ipfi,
859 446 910 493 δε
932 443 1280 492 auscultaveritis
1305 444 1414 490 'voci
1437 443 1598 506 Ipfius,
1633 443 1753 488 eritis
1783 441 1918 487 etiam
1953 455 2053 495 VOS,
2091 443 2132 486 ἃ
2163 443 2297 486 etiam
2322 442 2426 487 Rex

433 511 515 573 qui
553 518 712 573 regnat
758 511 888 573 super
926 526 1028 567 vos,
1076 509 1179 574 post
1215 510 1443 571 Jehovam
1482 510 1638 555 Deum
1678 506 1929 563 vestrum,”
1987 524 2005 554 1
2035 507 2166 552 Sam:
2194 521 2298 552 x11:
2330 524 2424 566 143

431 575 506 623 hic
545 592 730 640 quoque
766 577 814 623 in
852 575 974 624 sensu
1013 578 1192 624 interno
1224 578 1382 624 timere
1406 574 1631 636 Jehovam
1667 589 1756 637 pro
1792 573 1936 619 colere
1971 589 2028 619 ex
2069 571 2190 618 bono
2229 572 2278 617 δε
2318 586 2427 617 vero

431 641 556 698 fidei,
605 654 658 688 ut
695 643 836 705 prius,
888 645 996 706 quia
1033 644 1184 706 agitur
1222 643 1279 690 de
1313 643 1444 704 Rege
1479 640 1551 687 seu
1577 641 1746 703 Regio.
1818 639 1962 701 Apud
1987 636 2191 699 Josuarn,
2226 642 2260 663 “
2284 637 2424 683 Nunc

320 720 333 725 *
431 707 592 754 Timete
609 708 842 770 Jehovam,
877 709 928 756 δε
968 711 1125 756 servite
1161 709 1248 773 lpfi
1289 710 1335 755 in
1375 709 1630 770 integritate
1660 709 1708 752 ὅτ,
1734 707 1934 767 veritate,
1973 707 2022 752 &
2045 715 2275 751 removete
2299 703 2424 757 deOS,

347 812 349 814 .
429 773 596 835 quibus
635 772 918 822 serviverunt
949 787 1100 840 patres
1126 775 1311 831 vestri,”
1346 789 1501 820 xxiv:
1531 791 1608 833 14,
1643 770 1723 818 ubi
1748 772 1884 818 etiam
1916 772 2075 819 timere
2097 770 2319 831 Jehovam
2342 785 2427 832 pro

428 838 576 886 colere
614 855 671 887 ex
707 840 830 888 bono
868 842 918 888 &
957 858 1085 898 vero,
1120 841 1249 905 quod
1287 839 1352 887 est
1389 839 1587 887 hominis
1618 837 1875 901 spiritualis,
1909 838 2140 900 integritas
2163 836 2286 882 enim
2308 851 2425 897 prae-

429 903 607 953 dicatur
628 906 686 952 de
710 906 833 955 bono
854 907 978 965 fidei,
1014 924 1044 955 n
1064 926 1075 955 ε
1103 908 1216 964 612,
1251 907 1413 953 veritas
1436 905 1494 952 de
1517 920 1627 952 vero
1651 904 1770 951 fidei.
1825 903 1973 966 Apud
1998 903 2263 963 Jeremiam,
2302 907 2336 927 “
2360 901 2427 948 E-

404 983 539 1018 -runt
563 971 688 1019 Mihi
724 974 771 1020 in
810 973 1057 1037 populum,
1091 974 1141 1021 δε
1179 973 1286 1036 Ego
1313 987 1392 1019 ero
1414 973 1488 1029 ,eis
1527 972 1573 1019 in
1595 972 1767 1026 Deum,
1802 970 1853 1017 δε
1889 969 2009 1016 dabo
2047 971 2108 1015 eis
2145 984 2224 1015 cor
2263 983 2426 1023 unum,

371 1034 381 1040 ‘¹
430 1037 482 1091 δι
517 1038 638 1085 viam
678 1054 835 1096 unam,
887 1039 1210 1089 ad-Timendum
1234 1042 1315 1087 Me
1348 1035 1563 1085 omnibus
1601 1036 1776 1093 diebuS,
1824 1035 1880 1082 ad
1915 1035 2090 1082 bonum
2129 1037 2191 1082 eis
2230 1036 2279 1081 ὅτ
2321 1033 2425 1080 filiis

426 1118 589 1150 eorum
627 1104 729 1168 post
768 1105 884 1162 illos,
919 1108 969 1154 δε
1000 1121 1200 1170 pangam
1238 1106 1300 1151 eis
1337 1103 1492 1152 foedus
1531 1102 1698 1159 saeculi,
1733 1102 1862 1165 quod
1900 1118 1992 1148 non
2028 1114 2222 1148 revertar
2261 1117 2286 1147 a
2324 1099 2427 1163 post

429 1167 548 1226 illos,
583 1171 639 1217 ad
664 1170 1035 1219 benefaciendum
1058 1173 1138 1228 eis,
1173 1173 1223 1218 &
1245 1171 1452 1219 Timorem
1481 1186 1614 1217 meum
1647 1167 1768 1215 dabo
1808 1169 1854 1214 in
1892 1183 1971 1215 cor
2009 1183 2186 1224 eorum,
2223 1182 2308 1230 pro
2332 1175 2423 1212 non¹

429 1235 633 1282 recedere
653 1252 679 1282 a
700 1237 838 1293 Me,’'
871 1253 1044 1285 xxxu:
1074 1255 1150 1300 39.
1176 1253 1274 1296 403
1309 1235 1438 1299 quod
1469 1235 1542 1283 hic
1580 1236 1739 1282 timere
1760 1235 1916 1282 Deum
1955 1233 2009 1280 sit
2042 1234 2187 1281 colere
2222 1249 2278 1280 ex
2303 1232 2430 1280 bono>

428 1301 479 1347 δε
502 1316 614 1349 vero
632 1301 756 1359 fidei,
793 1302 991 1351 constare
1030 1301 1224 1366 potest-a
1246 1301 1367 1359 serie,
1403 1302 1452 1350 &
1476 1317 1533 1349 ex
1554 1317 1611 1349 eo
1632 1301 1759 1364 quod
1785 1300 1958 1347 dicatur
1979 1300 2178 1364 populus
2202 1316 2253 1346 ac
2276 1300 2424 1354 Deus,

427 1367 558 1429 quod
597 1368 797 1431 populus
835 1369 1110 1432 praedicetur
1142 1369 1200 1416 de
1237 1368 1323 1415 illis
1357 1369 1438 1431 qui
1473 1370 1520 1415 in
1542 1383 1653 1415 vero
1676 1366 1785 1414 fidei
1807 1366 1924 1423 sunt,
1958 1366 2164 1413 videatur
2186 1382 2247 1412 n:
2279 1381 2420 1430 1259.

435 1433 578 1489 1260,
630 1433 757 1496 quod
796 1435 923 1482 Deus
970 1435 1145 1483 dicatur
1189 1433 1268 1481 ubi
1310 1436 1461 1498 agitur
1505 1435 1562 1481 de
1600 1449 1726 1490 vero,
1775 1449 1835 1480 n:
1876 1433 2022 1495 2586.>
2054 1433 2195 1497 2769.
2226 1435 2352 1494 2807
2387 1429 2421 1476 f.

428 1497 579 1561 Apud
600 1497 794 1556 Esaiam,
832 1505 867 1527 “
890 1500 1201 1559 Honorabunt
1223 1502 1296 1550 Te
1319 1501 1518 1563 populus
1543 1498 1767 1555 robustuS,
1802 1498 1910 1545 urbs
1941 1500 2148 1561 gentium
2173 1497 2423 1545 validarum

427 1563 651 1610 Timebunt
671 1565 780 1620 Te,”
814 1581 941 1614 xxv:
969 1583 1016 1629 3,
1052 1566 1132 1612 ubi
1153 1566 1288 1613 etiam
1312 1567 1470 1612 timere
1492 1567 1653 1612 Deum
1674 1580 1759 1627 pro
1782 1564 1928 1610 colere
1961 1580 2018 1611 ex
2041 1580 2150 1612 vero
2172 1563 2386 1627 spirituali
2407 1585 2422 1617 -,

426 1629 701 1692 praedicatur
737 1630 866 1677 enim.
898 1630 975 1678 de.
994 1631 1171 1695 populo
1210 1631 1260 1677 δε
1300 1629 1358 1676 de
1396 1630 1523 1687 urbe,
1558 1630 1685 1693 quod
1725 1629 1832 1675 urbs
1870 1629 1926 1676 fit
1961 1629 2207 1677 doctrinale
2241 1643 2422 1684 verum,

426 1692 635 1741 videatur
657 1711 713 1743 n:
739 1713 851 1755 402.
881 1698 1023 1746 2268.
1052 1700 1195 1760 2450.
1224 1713 1366 1759 2451.
1417 1695 1564 1760 Apud
1586 1695 1836 1752 Davidem,
1872 1700 1907 1722 ‘⁶
1930 1696 2051 1757 Quis
2072 1695 2144 1742 hic
2168 1695 2238 1741 vir
2259 1695 2426 1742 fimens

424 1760 623 1825 Jehovae,
659 1761 840 1811 docebit
863 1762 994 1820 illurn
1018 1764 1160 1820 viam,
1195 1779 1336 1827 quam
1358 1762 1546 1827 eligat,”
1580 1762 1758 1810 Psalm:
1785 1777 1919 1810 xxv:
1952 1780 2028 1819 12,
2063 1761 2143 1808 ubi
2166 1762 2238 1821 vir
2259 1762 2423 1808 timens

422 1827 636 1887 Jehovae,
672 1845 758 1892 pro
780 1829 953 1877 colente
976 1829 1150 1894 Ipsum,
1186 1829 1314 1893 quod
1352 1830 1410 1877 de
1449 1828 1664 1895 spirituali
1708 1828 1909 1885 homine,
1961 1840 2086 1891 patet
2125 1827 2247 1884 inde,
2294 1827 2420 1891 quod

427 1891 618 1950 dicatur,
656 1895 838 1944 docebit
870 1895 1001 1944 illum
1036 1898 1176 1954 viam,
1211 1895 1340 1959 quod
1378 1898 1455 1943 via
1489 1895 1544 1942 fit
1577 1910 1759 1951 verum,
1794 1895 2000 1942 videatur
2033 1911 2091 1942 n:
2119 1895 2230 1957 627.
2258 1911 2418 1957 2333:

427 1959 549 2022 apud
583 1961 817 2018 Eundem,
871 1967 905 1989 “
929 1964 1095 2010 Beatus
1133 1964 1283 2010 omnis
1322 1961 1487 2010 fimens
1525 1961 1725 2026 Jehovae,
1762 1960 1995 2008 ambulans
2035 1962 2082 2008 in
2117 1962 2204 2007 viis
2227 1960 2422 2024 Ipfius,”

426 2024 608 2074 Psalm:
638 2043 863 2076 cxxvin:
897 2047 939 2086 1,
974 2029 1192 2086 similiter,
1240 2028 1364 2093 apud
1392 2028 1628 2085 Eundem,
1665 2033 1699 2055 “
1719 2029 1928 2078 fimentes
1950 2027 2166 2091 Jehovam
2198 2025 2424 2090 glorifica-

426 2090 542 2139 bunt
580 2091 755 2157 Ipsum,
807 2110 946 2142 omne
983 2094 1133 2143 semen
1174 2095 1335 2157 Jacobi
1373 2093 1698 2159 glorificabunt
1733 2092 1909 2158 Ipsum,
1944 2095 1995 2142 &
2030 2103 2213 2142 metuent
2248 2093 2304 2141 ab
2328 2092 2423 2155 Ipso

374 2160 382 2169 ”
426 2173 564 2206 omne
602 2158 751 2208 semen
780 2160 996 2218 Israelis,’'
1031 2160 1210 2217 Psalm:
1235 2177 1375 2211 xx11:
1403 2178 1483 2222 24,
1519 2161 1598 2208 ubi
1624 2171 1822 2208 metuere
1845 2159 1901 2207 ab
1924 2158 2027 2225 Ipso
2058 2176 2145 2224 pro
2183 2159 2329 2207 colere
2360 2174 2421 2205 ex

426 2239 536 2272 vero
570 2225 696 2282 fidei,
730 2225 882 2283 semen
910 2229 1033 2275 enim
1064 2227 1231 2278 Israelis
1269 2227 1333 2275 est
1365 2227 1589 2292 spirituale
1610 2226 1843 2283 Ecclesiae,
1879 2225 1953 2274 seu
1986 2226 2161 2275 bonum
2186 2227 2235 2274 &
2259 2241 2420 2272 verum

427 2287 550 2346 fidei,
586 2307 647 2339 n:
678 2307 817 2356 1925.
850 2310 989 2358 1447.
1022 2294 1159 2344 1610.
1215 2294 1366 2358 Apud
1406 2293 1584 2351 Mosen,
1607 2320 1611 2326 -
1638 2298 1672 2320 “
1704 2293 1848 2340 Nunc
1882 2292 2028 2350 lsrael,
2078 2292 2192 2356 quid
2216 2291 2422 2352 Jehovah

425 2353 553 2401 Deus
591 2367 697 2402 tuus
728 2370 884 2418 petens
917 2376 942 2406 a
977 2372 1039 2415 te,
1074 2360 1186 2422 quin
1225 2361 1281 2406 ad
1306 2360 1548 2417 Timendum
1570 2359 1786 2423 Jehovam
1810 2361 1950 2406 Deum
1977 2369 2120 2414 tuum,
2162 2358 2219 2404 ad
2259 2356 2419 2403 ambu-

428 2419 616 2466 landum
653 2421 702 2467 in
737 2422 952 2468 omnibus
991 2425 1080 2468 viis
1103 2423 1265 2486 Ipfius,
1298 2425 1349 2471 &
1381 2424 1439 2470 ad
1475 2424 1723 2470 amandum
1754 2422 1928 2484 Ipsum,
1964 2424 2013 2470 δε
2036 2423 2094 2470 ad
2131 2421 2418 2469 serviendum

424 2483 620 2546 Jehovae
644 2486 747 2532 Deo
775 2499 875 2543 tuo,
912 2489 958 2533 in
998 2499 1098 2535 toto
1137 2488 1274 2535 corde
1308 2500 1407 2545 tuo,
1442 2489 1492 2535 &
1530 2490 1578 2535 in
1616 2499 1711 2536 tota
1750 2489 1901 2534 anima
1940 2499 2033 2544 tua,
2068 2487 2122 2534 ad
2149 2486 2420 2534 servandum

420 2566 520 2664 {1¹³}ae
509 2552 703 2664 ἓξὲξ
706 2552 882 2665 Ἑὲζξ
901 2552 1030 2665 2³23}
1031 2553 1611 2667 ³}⁰}311¹Sal¹2¹33”12?1{¹1¹51{n'2‘
1629 2571 1639 2600 ²
1669 2571 1741 2665 ¹3}
1764 2571 1827 2666 {3
1847 2552 1975 2666 ἰῑὲἓέι
1991 2551 2421 2667 dsssssssbstu‘fioilfflsss

423 2682 653 2731 ambulare
692 2685 739 2730 in
776 2686 862 2731 viis
892 2635 1110 2746 Jghovae?
1137 2701 1285 2733 amare
1312 2684 1486 2749 Ipsum,
1522 2635 1692 2733 serv’ir?
1704 2684 1809 2748 Ipfi,
1843 2685 1893 2732 &
1918 2655 2087 2732 ser’vare
2119 2635 2345 2750 ffleaedepta
2366 2687 2418 2733 δι

422 2747 598 2796 statuta.
669 2750 817 2813 Apud
851 2751 1124 2812 johannem,
1161 2757 1196 2779 “
1219 2751 1332 2799 Vidi
1362 2751 1601 2816 Angelum
1636 2751 1866 2800 volantem
1907 2752 1954 2798 in
1994 2751 2148 2799 medio
2179 2751 2302 2808 coeli,
2338 2751 2418 2798 ha-

423 2814 606 2871 bentem
638 2816 928 2879 evangelium
966 2817 1207 2875 aete'rnum,
1242 2817 1470 2866 dicentem
1501 2834 1616 2866 voce
1649 2833 1831 2881 magna,
1865 2817 2026 2865 Timete
2044 2819 2207 2875 Deum,
2241 2818 2292 2865 &
2315 2817 2418 2865 date

423 2881 514 2946 lpfi
549 2881 759 2944 gloriam,
793 2885 901 2945 quia
939 2884 1064 2931 venit
1104 2884 1212 2932 hora
1242 2881 1409 2947 judicii
1442 2883 1636 2947 Ipfius,”
1672 2886 1838 2948 Apoc:
1865 2899 1978 2931 xlv:
2008 2884 2052 2930 6.
2082 2900 2128 2948 7,
2164 2885 2226 2931 ibi
2258 2885 2418 2931 timere

421 2946 581 3002 Deum
604 2963 690 3011 pro
712 2947 839 2995 cultu
863 2947 1013 2996 sancio
1049 2965 1106 2998 ex
1144 2950 1267 2997 bono
1300 2951 1351 2998 δι’.
1390 2965 1501 2998 vero
1541 2951 1675 2998 fidei:
1712 2950 1834 3014 apud
1859 2949 2058 3007 Lucam,
2093 2955 2128 2977 ‘⁶
2151 2949 2280 3012 Jesus
2304 2950 2420 2997 dixit

423 3013 686 3076 paralytico,
722 3012 853 3078 surge
877 3016 926 3064 &
950 3014 1112 3063 tollens
1136 3016 1303 3064 lectum
1329 3028 1462 3064 tuum
1504 3017 1575 3064 abi
1614 3017 1660 3063 in
1697 3016 1893 3063 domum
1934 3028 2078 3072 tuam,
2114 3017 2235 3065 unde
2265 3015 2420 3080 stupor

423 3078 581 3142 invasit
618 3095 794 3138 omne3‚
838 3081 888 3128 δε
925 3081 1240 3144 glorificabant
1267 3083 1442 3140 Deum,
1489 3083 1540 3130 &
1578 3082 1741 3145 impleti
1768 3083 1875 3145 sunt
1909 3083 2105 3138 timore,'’
2141 3099 2205 3130 v:
2235 3100 2308 3142 24.
2339 3100 2362 3130 2
2372 3099 2419 3144 5,

419 3142 503 3188 ubi
540 3145 680 3192 timor
716 3162 803 3210 pro
839 3148 1004 3195 timore
1042 3148 1208 3206 saneto,
1258 3149 1402 3212 qualis
1441 3148 1628 3197 illorum
1666 3150 1746 3211 qui
1785 3164 1866 3212 per
1899 3165 2060 3196 verum
2100 3149 2206 3195 fidei
2245 3149 2419 3193 initian·

421 3218 497 3255 tur
523 3209 589 3258 'irr
613 3209 788 3260 bonum
825 3214 1004 3263 amoris.
1075 3215 1160 3265 1v.
1189 3213 1327 3279 ..Qcod
1351 3215 1514 3329 TimeFse
1553 3215 1693 3264 Deum
1721 3215 1800 3278 seu
1836 3214 2069 3278 Jehovam,
2090 3212 2298 3277 stgm'ficet
2333 3212 2420 3324 {ul-

1527 3297 1553 3330 2
2357 3294 2427 3325 um
