2904 3750
578 205 709 290 256
868 184 877 189 “
1034 149 1169 270 ,ζα
1244 208 1305 272 E
1386 208 1497 272 ..N
1569 154 1658 272 Ε-
1725 208 2180 277 sss

566 335 748 397 cipiunt
774 350 987 395 ,amorem
1027 336 1272 392 coelestem,
1309 338 1358 384 &
1381 340 1488 400 quae
1516 341 1698 387 amoris.
1717 338 1911 386 coelestis
1952 338 2070 397 sunt,
2108 339 2194 387 hoc
2219 339 2299 396 est,
2330 341 2500 388 amoris
2522 342 2588 404 in·

572 402 831 447 Dominum
854 424 866 456 ;
904 418 1102 465 cumque
1126 406 1170 449 in
1196 403 1351 449 Verbo
1374 404 1541 467 legitur
1560 402 1756 459 Vinum,
1783 422 1873 452 non
1898 408 2153 469 percipiunt
2176 408 2356 463 vinum,
2393 406 2467 453 sed
2491 423 2577 471 pro

572 468 684 514 vino
723 483 924 515 amorem
966 469 1255 532 spiritualem,
1292 470 1341 517 &
1365 486 1470 533 quae
1507 474 1673 519 amoris
1712 473 1832 519 illius
1871 472 1987 530 sunt,
2025 475 2111 520 hoc
2148 473 2226 529 est,
2263 474 2428 520 amoris
2469 490 2577 537 erga
2631 484 2638 487 “

573 536 840 598 proximum
862 557 875 590 ·‚
914 537 971 582 ita
997 552 1103 582 cum
1129 536 1433 602 legitur‘puls-
1454 537 1527 584 seu
1551 539 1860 602 pulmentum,
1898 556 1987 586 non
2013 541 2270 603 percipiunt
2295 539 2472 604 pultem
2498 538 2572 603 scu

573 601 883 662 pulmentum,
921 601 992 648 sed
1019 602 1279 661 doctrinalia
1311 604 1516 651 nondum
1551 604 1792 668 conjuncta
1825 606 1966 662 bono,
2003 610 2063 653 ita
2088 608 2387 658 inordinatam
2414 602 2591 653 eorum'

575 669 832 730 congeriem
855 686 865 714 ε
905 669 1009 714 inde
1034 667 1229 714 constare
1254 669 1415 732 potest,
1451 687 1557 731 quae
1578 671 1642 719 est
1663 671 1805 735 qualis
1839 674 2058 735 cogitatio
2087 674 2136 720 δε
2161 674 2393 736 perceptio
2409 675 2591 736 Ange·
2619 717 2625 723 .

576 733 726 781 lorum
752 734 829 789 est,
867 735 915 781 δε
940 750 1075 796 quarn
1116 748 1289 781 remota
1322 735 1395 782 illa
1431 736 1494 783 est
1517 736 1840 800 afcogita‘tione
1870 740 1918 786 δε
1951 742 2239 803 perceptione
2279 740 2508 794 hominis,
2545 739 2577 786 fi

515 858 517 861 .
575 800 717 847 homo
741 800 943 847 similiter
965 802 1196 862 cogitaret,
1234 801 1347 848 dum
1371 803 1416 849 in
1442 802 1591 851 saneto
1613 804 1692 861 est,
1729 816 1782 851 ut
1810 805 1924 852 dum
1963 807 2010 851 in
2033 807 2193 853 Sancta
2217 807 2380 860 Coena,
2420 808 2468 852 &
2492 822 2577 868 pro

576 869 696 915 Pane
721 869 967 931 perciperet
992 883 1195 913 amorem
1223 869 1268 914 in
1297 870 1571 926 Dominum,
1608 872 1656 918 &
1682 875 1765 934 pro
1792 872 1912 918 Vino
1936 888 2136 919 amorem
2161 888 2267 935 erga
2292 872 2576 935 proximum,

577 948 684 982 tunc
723 937 768 980 in
805 934 936 980 simili
977 935 1252 996 cogitatione
1289 934 1338 981 ὅτ
1374 939 1659 999 perceptione
1697 935 1812 985 foret
1851 953 1959 985 cum
1985 939 2194 1002 AngeliS,
2231 939 2311 1001 qui
2337 951 2444 986 tunc
2470 955 2594 1001 pro-t.

576 1003 677 1065 pius
703 1002 758 1047 ad
793 1001 922 1047 illum
961 1001 1236 1061 accederent,
1274 1001 1411 1063 usque
1450 1003 1631 1053 tandem
1670 1018 1720 1050 ut
1760 1003 2007 1051 consociare
2049 1005 2221 1068 poffent
2262 1006 2572 1067 cogitationes,

576 1069 649 1115 sed
675 1080 898 1131 quantum
920 1066 1063 1113 homo
1088 1066 1219 1113 simul
1244 1069 1289 1113 in
1315 1067 1437 1115 bono
1460 1067 1589 1116 foret.
1661 1071 1806 1129 Quod
1840 1071 1942 1134 puls
1974 1070 2045 1118 seu
2078 1071 2368 1133 pulmentum
2405 1071 2574 1132 signifi-

576 1148 648 1182 cet
664 1135 944 1197 congeriem,
981 1134 1116 1178 etiam
1158 1132 1355 1182 constare
1390 1134 1537 1196 potest
1573 1151 1631 1182 ex
1669 1136 1755 1182 illis
1793 1153 1899 1199 quae
1933 1137 1988 1183 de
2030 1137 2132 1183 filiis
2170 1137 2493 1199 prophetarum
2527 1139 2577 1184 δε

576 1201 743 1249 Eliszt‘o
776 1201 1008 1255 dicuntur,
1045 1200 1091 1244 in
1116 1198 1260 1246 Libro
1284 1201 1490 1263 Regum,
1529 1206 1562 1227 “
1586 1200 1776 1248 Elisaeus
1816 1202 1949 1248 rediit
1989 1203 2236 1264 Gilgalem,
2275 1204 2322 1249 δε
2358 1201 2502 1249 fames.
2530 1205 2578 1250 in

577 1281 708 1323 terra,
746 1269 791 1315 &
820 1267 901 1313 filii
935 1265 1259 1328 prophetarum
1295 1264 1809 1323 sedentesvcoram-i1103
1847 1270 1894 1329 δε
1931 1269 2048 1315 dixit
2085 1284 2226 1331 puero
2266 1267 2362 1323 suo,
2399 1262 2578 1331 app’one

576 1335 713 1382 ollam
742 1349 975 1398 magnam,
1012 1333 1059 1379 δε
1085 1349 1206 1396 coque
1232 1332 1395 1394 pultem
1429 1333 1532 1382 filiis
1558 1333 1924 1398 prophetarum:
1962 1336 2011 1381 δε
2035 1336 2173 1382 exivit
2198 1350 2315 1382 unus
2341 1336 2394 1382 in.
2411 1350 2573 1396 agrum
2614 1352 2619 1355 ’

576 1401 632 1449 ad
657 1401 968 1465 colligendum
1003 1399 1138 1455 olera,
1174 1399 1223 1446 ὅτ
1247 1400 1420 1447 invenit
1436 1401 1584 1448 ‘vitem
1620 1403 1734 1464 agri,
1769 1400 2027 1464 &collegit
2050 1418 2106 1448 ex
2127 1401 2215 1448 illa
2254 1401 2581 1464 colycinthidas

575 1472 671 1533 agri
697 1468 1027 1533 plenitudinem
1050 1465 1182 1512 vestis
1206 1465 1324 1522 *suae,
1361 1470 1410 1514 ὅτ
1435 1469 1558 1515 venit
1589 1469 1638 1515 δε
1671 1469 1874 1516 concidit
1913 1471 1958 1514 in
2001 1468 2135 1516 ollam
2156 1468 2308 1529 pultis,
2346 1468 2466 1531 quia;
2487 1475 2593 1518 non'

577 1549 820 1592 noverunt,
839 1535 906 1582 ’ὅτ
931 1532 1191 1581 effuderunt
1214 1534 1321 1581 viris
1345 1534 1408 1582 ad>
1426 1534 1782 1590 comedendum,
1819 1535 1868 1582 δι
1886 1534 2082 1596 sactum,
2103 1534 2164 1581 :in
2190 1530 2577 1598 comedendoeos

574 1604 625 1650 de
638 1599 776 1664 pulte,
814 1603 862 1650 δε
888 1602 954 1648 illi
976 1599 1242 1655 clamabant,
1279 1603 1327 1648 &
1352 1601 1578 1658 dicebant,
1617 1617 1738 1649 mors
1762 1603 1808 1648 in
1831 1601 1935 1658 olla,
1972 1602 2186 1662 Vir'Dei,
2225 1604 2271 1646 &
2298 1617 2388 1648 non
2415 1611 2578 1663 potue-

576 1683 682 1716 runt
704 1670 831 1716 edere
852 1691 866 1724 ;
903 1670 952 1715 ὅτ
978 1666 1111 1722 dixit,
1150 1669 1195 1712 &
1223 1667 1410 1730 accipite
1432 1665 1636 1723 farinam,
1672 1668 1722 1714 ὅτ
1749 1667 1868 1713 mifit
1890 1669 1937 1715 in
1961 1666 2126 1722 ollam,
2151 1668 2199 1714 ὅτ,
2226 1667 2359 1723 dixit,
2378 1666 2588 1719 *effunde

574 1735 768 1800 populo,
805 1736 854 1782 δε
870 1732 1192 1788 comederunt,
1231 1733 1278 1778 δε
1303 1749 1395 1779 non
1420 1731 1507 1780 fuit
1529 1733 1724 1780 verbum
1739 1732 1923 1781 malum
1945 1733 1989 1779 in
2015 1733 2156 1788 olla‚’'
2182 1750 2208 1781 2
2230 1733 2357 1796 Reg:
2385 1727 2472 1782 1v'2.
2498 1737 2574 1797 38.

578 1821 655 1867 39.
682 1821 760 1863 40.
789 1819 883 1861 41³,
933 1799 1031 1846 haec
1071 1799 1118 1845 in
1158 1796 1280 1845 sensu
1318 1799 1496 1846 interno
1531 1797 1709 1862 prorsus
1744 1800 1828 1846 alia
1865 1799 2136 1863 significant,
2187 1815 2326 1862 quam
2368 1800 2413 1847 in
2453 1799 2588 1850 sensu>

575 1871 735 1926 literae,
772 1883 935 1931 nempe
959 1863 1100 1912 fames
1135 1862 1197 1911 in*
1217 1873 1331 1918 terra
1371 1868 1611 1929 penuriam
1641 1867 1959 1928 cognitionum
1985 1864 2094 1912 boni
2118 1866 2168 1912 &
2189 1868 2303 1920 veri,
2340 1882 2400 1913 n:
2434 1866 2578 1922 1460,

573 1935 657 1983 filii
679 1935 1003 2000 prophetarum
1028 1927 1256 1988 docentes,
1293 1948 1351 1980 n:
1382 1949 1408 1980 2
1417 1951 1442 1994 5
1450 1950 1529 1995 34,
1566 1933 1668 1994 puls
1693 1931 1952 1994 congeriem
1977 1946 2033 1976 ex
2051 1930 2301 1978 scientificis
2327 1931 2443 1978 male
2466 1930 2578 1978 con-'

573 2001 775 2058 farciam,
813 2003 949 2049 farina
971 2013 1134 2046 verum
1155 1998 1281 2060 quod
1306 2015 1363 2045 ex
1389 1999 1533 2054 bono,
1555 1998 1626 2044 seu
1651 1996 1874 2060 spirituale
1897 1996 2024 2061 quod
2046 2013 2104 2044 ex
2128 1995 2319 2052 coelesti,
2344 2013 2399 2045 n:
2427 2012 2574 2062 2177,

572 2071 635 2117 ita
665 2069 793 2132 quod
813 2066 1005 2117 Elisaeus
1037 2063 1203 2112 miserit
1235 2063 1423 2112 farinam
1449 2066 1495 2111 in
1519 2064 1675 2120 ollam,
1713 2065 1760 2111 δε
1786 2076 1897 2112 tunc
1930 2080 2021 2111 non
2050 2061 2187 2110 fuerit
2209 2062 2392 2122 >malum?
2409 2064 2455 2110 in
2475 2063 2572 2120 illa,

574 2136 796 2199 fignificat
819 2135 946 2199 quod
977 2131 1207 2194 congeries
1240 2131 1316 2178 illa
1347 2130 1584 2178 emendata
1606 2130 1658 2178 fit
1681 2146 1761 2194 per
1782 2147 1948 2179 verum.
1969 2129 2192 2194 spirituale
2215 2145 2272 2179 ex
2295 2129 2451 2177 Verbo
2472 2131 2576 2178 Do-

573 2205 703 2260 mini,
740 2202 930 2251 Elisaeus
947 2201 1068 2246 enirn
1086 2196 1427 2258 repraesentabat
1439 2198 1700 2245 Dominum
1724 2197 1875 2260 quoad
1889 2196 2118 2252 Verbum,
2153 2213 2209 2243 n:
2239 2197 2384 2259 2762,
2408 2195 2575 2259 absque

571 2270 783 2338 spirituali
826 2269 911 2315 hoc
953 2264 1076 2312 sensu
1108 2265 1299 2311 narratio
1339 2264 1570 2326 de‘pulte,
1619 2265 1669 2311 ὅτ
1710 2266 1907 2311 mutatio
1937 2279 2017 2326 per
2048 2261 2254 2318 farinam,
2293 2278 2386 2308 non
2422 2260 2583 2309 fuisset:

571 2339 712 2400 digna
735 2346 990 2383 memoratu
1014 2333 1060 2378 in
1079 2331 1234 2377 Verbo
1257 2331 1524 2378 sanctissimo
1544 2353 1559 2386 ;
1595 2329 1994 2394 repraesentationis
2027 2328 2211 2377 illorum
2249 2327 2376 2376 causa
2399 2326 2573 2395 factum

552 2405 634 2452 'est
656 2405 741 2450 hoc
768 2401 1056 2455 miraculum,
1092 2396 1206 2445 ficut
1244 2398 1378 2445 etiam
1418 2397 1590 2462 reliqua
1630 2397 1845 2445 miracula
1877 2396 2119 2454 ianerbo,
2154 2411 2261 2460 quae
2281 2397 2438 2463 omnia
2457 2395 2505 2442 in
2528 2393 2574 2442 fe

571 2470 824 2521 recondunt
843 2469 1027 2516 Divina.
2133 2510 2137 2513 -
2502 2484 2506 2488 .
2592 2480 2596 2482 ,

642 2553 784 2602 3317.
822 2536 885 2583 Et
909 2534 1033 2581 venit
1056 2529 1173 2578 Esau
1199 2531 1256 2579 de
1276 2548 1403 2595 agro,
1440 2530 1565 2594 quod
1608 2531 1830 2594 fignificet
1867 2529 2070 2577 studium
2093 2529 2211 2577 fboni
2234 2529 2361 2584 vitae,
2399 2527 2572 2577 constat

569 2620 629 2652 ex
674 2601 1060 2666 repraesentatione
1097 2597 1259 2654 Esavi,
1310 2598 1437 2660 quod
1483 2598 1536 2644 sit
1581 2597 1756 2643 bonum
1802 2599 1914 2643 vitae
1958 2596 2051 2641 veri
2099 2594 2324 2648 naturalis,
2381 2594 2439 2640 de
2482 2609 2574 2656 qua

570 2687 633 2717 n:
663 2686 791 2732 3300
813 2690 827 2722 3
863 2668 912 2714 ὅτ
936 2670 992 2712 ex
1015 2663 1336 2725 fignificatione
1361 2665 1514 2709 venire
1546 2663 1602 2709 de
1625 2677 1752 2723 agro,
1787 2661 1915 2724 quod
1940 2660 1993 2721 fit
2017 2659 2217 2706 studium
2243 2658 2351 2705 boni
2372 2681 2388 2713 ·‚
2425 2659 2572 2706 medi·-

506 2783 518 2791 ,
569 2736 655 2782 tari
680 2734 804 2781 enirn
828 2734 1025 2795 magro,
1061 2727 1123 2776 est
1148 2725 1345 2792 cogitare
1377 2730 1425 2775 in
1453 2728 1593 2783 bono,
1629 2743 1686 2774 n:
1716 2743 1862 2791 2971,
1899 2722 2004 2773 nat'n
2029 2741 2136 2788 ager
2158 2724 2220 2771 est
2242 2724 2418 2774 vbonum
2444 2725 2572 2788 quod

569 2800 799 2853 Ecclefiae.
1108 2831 1110 2834 -
2441 2796 2451 2838 ’,

640 2870 782 2931 3318.
819 2865 883 2911 Et
908 2864 943 2909 is
967 2862 1110 2918 laffus,
1145 2861 1272 2921 quod
1297 2859 1516 2923 significet
1549 2859 1716 2906 statum
1739 2873 1926 2922 pugnae,
1963 2857 2161 2905 constare
2183 2856 2329 2920 potest
2353 2874 2376 2904 a
2401 2857 2570 2920 fignifi-

567 2936 740 2982 catione
776 2931 867 2981 ›laffi
909 2928 982 2975 seu
1022 2928 1297 2982 lassitudinis,
1334 2928 1460 2989 quod
1486 2926 1538 2972 fit
1559 2925 1695 2972 status
1731 2924 1834 2987 'post
1864 2939 2085 2986 pugnam,
2123 2924 2195 2970 hic·
2220 2923 2353 2970 status
2380 2940 2569 2987 pugnae,

567 3001 673 3064 quia
710 2999 856 3061 agitur
890 2996 945 3042 de
982 2994 1098 3041 statu
1133 2991 1461 3057 conjunctionis
1496 2992 1603 3038 boni
1630 3006 1737 3038 cum
1764 3006 1872 3037 vero
1896 2991 1942 3036 in
1974 2990 2163 3037 naturali
2187 2989 2405 3045 hornine3
2441 2990 2571 3053 quod

566 3067 693 3114 lassus
731 3065 804 3111 hie
836 3061 1057 3125 significet
1096 3061 1257 3107 statum
1299 3074 1487 3122 pugnae,
1525 3074 1617 3105 non
1641 3056 1838 3104 constare
1863 3056 2010 3119 potest
2035 3057 2114 3103 nifi
2139 3072 2194 3102 ex
2218 3056 2322 3102 serie
2348 3072 2497 3102 rerum
2522 3058 2570 3102 in

562 3132 689 3181 sensu
724 3133 915 3185 interno,
951 3129 1000 3174 &
1027 3127 1131 3174 inde
1155 3126 1413 3189 praecipue,'.l
1437 3124 1562 3188 quod
1605 3124 1776 3172 bonum
1817 3139 1923 3170 cum
1949 3140 2058 3170 vero
2082 3124 2127 3170 in
2151 3122 2359 3169 Naturali
2383 3122 2569 3169 homine

541 3216 658 3256 wion
683 3196 901 3262 conjungi
925 3196 1059 3261 poflit
1091 3192 1255 3258 absque
1271 3192 1477 3260 pugnis,
1514 3190 1587 3240 seu
1611 3190 1739 3255 quod
1764 3189 1906 3247 idern,
1943 3189 2107 3260 absque
2130 3189 2480 3302 tentationibqsf
2517 3200 2571 3235 ut

1127 3275 1139 3285 ·
2430 3264 2572 3302 ciatur
