2904 3750
634 197 974 273 CAPUT
1021 196 1591 272 v1GES1MuM
1638 202 2147 273 ocTAvuM.
2270 152 2446 300 451‘

396 351 450 387 os
471 346 625 394 tuum,
660 337 711 385 ὅτ
735 334 808 383 abi
832 332 1086 391 nobiscum,
1120 333 1172 382 δε
1210 332 1306 380 esto
1341 330 1472 379 nobis
1512 333 1559 378 in
1590 332 1770 379 Patrem
1809 330 1860 378 δε
1898 334 2205 392 Sacerdotem,’'
2238 351 2404 386 xvm:

400 423 490 470 193
526 404 655 470 quod
691 402 773 467 ipfi
810 403 963 466 Reges
1004 401 1106 448 illos
1143 399 1347 450 {imiliter
1368 398 1650 455 vocaverint,
1686 398 1732 444 in
1756 396 1906 445 Libro
1929 399 2139 448 Secundo
2162 403 2406 466 Regum,’'

396 476 430 499 “
464 474 598 520 Dixit
622 473 726 518 Rex
748 468 916 517 Israelis
938 467 998 515 ad
1021 465 1258 520 Elisaeum,
1296 481 1407 517 num
1446 466 1699 527 percutiam
1721 465 1856 510 Pater
1878 467 1953 521 mi,
1988 466 2104 514 dixit
2129 485 2219 514 non
2244 485 2404 532 percu·

392 539 529 595 ties,'’
565 531 884 589 V12212223
935 535 985 581 δε
1009 531 1174 593 Joasch
1212 532 1317 577 Rex
1361 530 1417 577 ad
1455 530 1677 578 Elisaeum
1718 545 1827 576 cum
1875 546 2144 589 moreretur,
2182 541 2215 561 “
2241 535 2403 595 Juasch

390 607 498 654 Rex
536 605 661 651 flevit
700 613 801 648 ante
840 599 973 647 facies
1010 596 1123 661 ejuS,
1159 598 1209 645 ὅτ
1233 598 1369 653 dixit,
1405 598 1546 645 Pater
1584 599 1659 654 mi,
1695 598 1834 644 Pater
1869 600 1944 654 mi,
1982 614 2138 646 currus
2162 601 2328 648 Israelis
2354 603 2403 649 δε

391 673 566 735 equites
588 667 734 733 ejus‚'’
770 681 903 713 x111:
935 683 1029 725 14³
1066 664 1195 728 quod
1234 665 1387 728 Reges
1426 666 1707 721 vocaverint,
1743 676 1852 721 erat,
1890 662 1995 728 quia
2035 666 2405 729 repraesentabant

389 737 652 788 Dominum
692 733 843 798 quoad
883 733 1115 788 Divinum
1137 732 1334 787 Verum,
1371 730 1422 778 &
1457 731 1717 778 Sacerdotes
1756 732 1911 795 quoad
1942 732 2171 779 Divinum
2203 734 2403 792 Bonum,

392 807 444 853 δε
464 805 573 867 quia
591 817 755 848 verum
780 800 839 847 ad
862 799 1038 846 bonum
1064 797 1105 846 se
1129 798 1262 847 habet
1285 812 1338 846 ut
1360 797 1478 845 filius
1502 798 1557 845 ad
1583 810 1779 862 patrem,
1804 815 1911 846 nam
1937 815 2097 846 verum
2123 798 2187 846 est
2209 816 2233 846 a
2258 800 2402 849 bono:

390 871 479 919 hoc
512 869 794 917 notissimum
818 865 951 913 estin
975 866 1108 913 altera
1130 867 1239 922 vita,
1277 867 1326 912 δε
1360 867 1467 927 quia
1501 865 1580 922 ita,
1616 866 1663 911 in
1696 865 1835 912 Coelo
1868 881 1960 912 non
1994 866 2133 913 alium
2168 868 2406 915 nominant

388 938 590 992 Patrem,
627 951 709 982 nec
748 934 887 981 alium
929 933 1186 997 percipiunt
1221 947 1303 996 per
1337 933 1519 979 Patrem
1557 933 1605 978 in
1627 932 1784 979 Verbo
1807 932 2223 994 Evangelistarum,
2260 949 2400 997 quam

387 1003 669 1058 Dominum,
705 1001 914 1048 videatur
950 1017 1010 1047 n:
1046 1016 1118 1062 15.
1152 1015 1308 1064 1729·,
1344 1014 1504 1046 omnes
1550 997 1738 1046 infantes
1777 998 1840 1045 ibi
1880 999 2120 1055 docentur,
2169 1016 2277 1047 cum
2320 1002 2404 1047 ini·

390 1072 560 1119 riantur
582 1068 829 1116 imbonum
855 1068 1021 1115 amoris
1045 1067 1094 1114 δε
1118 1081 1280 1113 verum
1305 1062 1416 1128 ejuS,
1452 1065 1689 1129 agnoscere
1714 1065 1875 1113 Solum
1897 1063 2157 1113 Dominum
2199 1083 2286 1130 pro
2318 1068 2402 1114 Pa-

390 1151 492 1193 tre3
529 1139 627 1184 imo
663 1137 799 1183 etiam
841 1133 1028 1182 sollicita
1065 1149 1172 1180 cura
1210 1133 1390 1189 novitii,
1426 1133 1506 1195 qui
1531 1133 1576 1179 in
1610 1132 1787 1179 coelum
1810 1134 2019 1188 veniunt,
2056 1132 2182 1208 quod
2213 1149 2328 1180 unus
2351 1134 2406 1181 fit

392 1206 538 1260 Deus,
573 1203 623 1250 ὅτ
645 1203 725 1264 qui
748 1203 864 1248 intra
887 1199 1139 1247 Ecclesiam
1164 1198 1363 1254 fuerunt,
1399 1199 1529 1262 quod
1569 1214 1707 1246 omne
1746 1199 1947 1246 Trinum
1988 1199 2042 1246 sit
2081 1217 2127 1246 m
2159 1201 2367 1247 Domino
2387 1223 2403 1255 ·,

395 1287 502 1318 nam
537 1285 594 1316 ex
617 1268 743 1315 Orbe
767 1266 1021 1314 Christiano
1057 1282 1188 1330 paene
1226 1281 1385 1312 omnes
1424 1264 1576 1312 secum
1615 1264 1780 1312 habent
1818 1263 1966 1312 ideam
2008 1268 2149 1313 trium
2175 1268 2402 1324 Deorum,

388 1335 567 1385 tametfi
605 1351 682 1382 ore
721 1335 926 1382 dixerant
955 1349 1047 1380 non
1085 1333 1168 1380 effe
1205 1331 1286 1379 nisi
1325 1347 1471 1379 unum
1493 1333 1686 1387 Deum;
1720 1347 1827 1378 nam
1861 1333 2060 1394 cogitare
2091 1349 2256 1389 unum,
2292 1348 2401 1380 cum

394 1404 495 1451 idea
528 1401 668 1449 trium
702 1403 826 1465 prius
861 1401 1059 1456 intravit,
1096 1401 1145 1446 &
1171 1397 1472 1462 unusquisque
1491 1414 1549 1445 ex
1578 1399 1646 1445 his
1678 1399 1939 1446 nominatur
1961 1399 2107 1456 DeuS,
2141 1400 2192 1446 δε
2216 1415 2404 1464 quoque
2444 1431 2450 1433 -

394 1470 688 1532 distinguitur
718 1467 874 1531 quoad
912 1466 1125 1514 attributa
1154 1467 1204 1514 ὅτ
1237 1466 1394 1514 munia
1432 1464 1490 1513 ab
1529 1464 1686 1523 altero,
1721 1465 1773 1514 ὅτ
1795 1464 1931 1512 etiam
1964 1463 2197 1530 separatim
2221 1466 2404 1524 colitur,

393 1537 482 1586 hoc
506 1552 598 1583 non
610 1535 874 1582 humanum
895 1533 992 1590 est3
1029 1533 1135 1580 inde
1159 1531 1238 1589 est,
1273 1531 1402 1596 quod
1432 1531 1583 1580 cultus
1622 1533 1763 1579 trium
1787 1533 1997 1580 Deorum
2021 1532 2076 1580 fit
2098 1534 2144 1580 in
2168 1533 2322 1590 corde,
2358 1544 2408 1583 at

394 1605 527 1650 unius
553 1602 696 1650 solum
722 1604 767 1648 in
791 1617 885 1658 ore,
920 1600 1046 1663 quod
1067 1601 1112 1646 in
1129 1600 1338 1646 Domino
1357 1614 1498 1647 omne
1518 1600 1721 1647 Trinum
1754 1598 1825 1656 sit,
1860 1598 1924 1646 est
1948 1601 1995 1646 in
2018 1599 2126 1648 orbe
2147 1598 2404 1647 Christiano

394 1682 579 1724 notum,
615 1667 688 1715 sed
729 1667 868 1730 usque
905 1668 952 1712 in
991 1666 1124 1712 altera
1160 1668 1255 1712 vita
1285 1666 1514 1728 cogitatur
1546 1679 1709 1728 parum
1743 1665 1802 1712 de
1835 1666 2065 1723 Domino,
2097 1666 2197 1713 imo
2216 1682 2404 1729 quoque

393 1736 671 1783 Humanum
697 1734 838 1797 Ipsius
872 1732 1029 1779 multis
1059 1731 1318 1778 scandalum
1354 1729 1435 1787 est,
1470 1732 1578 1794 quia
1609 1732 1892 1779 Humanum
1932 1731 2220 1795 distinguunt
2258 1749 2284 1780 a
2314 1734 2403 1781 Di-

394 1803 520 1859 vino,
557 1816 639 1848 nec
678 1800 793 1848 illud
832 1798 1023 1846 credunt
1046 1798 1302 1846 Divinum:
1331 1795 1568 1862 justificari
1592 1796 1634 1845 se
1666 1797 1779 1845 dicit
1800 1797 1963 1855 homo,
1999 1798 2050 1846 δε
2073 1799 2132 1846 fic
2156 1814 2328 1862 purum
2353 1801 2403 1848 &

393 1885 525 1932 paene
546 1866 746 1914 sanctum
769 1866 881 1923 fieri,
918 1863 990 1912 sed
1015 1864 1324 1928 glorificatum
1350 1863 1477 1913 fuiffe
1500 1864 1781 1922 Dominum,
1817 1864 1905 1912 hoc
1940 1864 2022 1922 est,
2057 1866 2286 1913 Divinum
2310 1864 2404 1914 fac-

395 1949 497 1980 tum
523 1935 803 1980 Humanum
829 1931 985 1995 Ipsius,
1021 1947 1112 1978 non
1136 1932 1360 1994 cogitant,
1393 1947 1503 1979 cum
1541 1943 1695 1980 tamen
1733 1943 1981 1996 conceptus
2020 1931 2076 1979 fit
2114 1931 2172 1979 ab
2196 1932 2299 1996 lpso
2323 1934 2403 1995 Je-

396 1999 562 2055 hovali,
589 2001 637 2046 &
663 2011 876 2062 praeterea
899 2013 1036 2044 nemo
1051 1994 1286 2060 justificari
1308 1997 1472 2061 potest,
1509 1999 1662 2046 minus
1685 1997 1964 2056 sanffificari,
1999 2015 2138 2063 quam
2162 2015 2188 2046 a
2208 2001 2408 2058 Divino,

396 2068 447 2113 δε
470 2066 658 2130 quidem
684 2081 710 2111 a
732 2066 909 2112 Divino
931 2064 1158 2110 Humano
1180 2065 1393 2121 Domini,
1428 2064 1557 2127 quod
1597 2064 1937 2128 repraesentatur
1967 2066 2018 2114 δε
2049 2065 2324 2130 significatur
2354 2068 2405 2114 in

396 2134 527 2180 Sacra
551 2133 716 2188 Coena,
751 2132 801 2178 ὅτ
825 2131 988 2195 apertis
1011 2130 1160 2177 verbis
1192 2129 1360 2177 dicitur
1397 2130 1525 2194 quod
1559 2134 1686 2194 panis
1717 2131 1772 2178 fit
1793 2133 1975 2197 Corpus
2000 2133 2143 2196 Ipsius
2164 2133 2216 2180 δι
2238 2134 2404 2181 vinum

396 2199 619 2262 Sanguis:
656 2197 782 2262 quod
804 2197 1038 2244 Dominus
1076 2197 1130 2243 fit
1163 2213 1282 2243 unus
1321 2212 1431 2244 cum
1454 2197 1603 2254 Patre,
1639 2198 1858 2261 quodque
1888 2199 1946 2246 ab
1974 2210 2163 2257 aeterno,
2199 2200 2250 2247 ὅτ
2272 2199 2404 2264 quod

395 2265 659 2312 universum
695 2276 847 2327 negat,
884 2264 946 2311 ita
978 2263 1106 2327 quod
1146 2262 1201 2310 sit
1240 2261 1390 2326 ipsum
1413 2263 1642 2311 Divinum
1669 2264 1849 2310 Bonum
1878 2265 1928 2312 ἃ
1950 2266 2181 2313 Divinum
2203 2267 2401 2323 Verum,

396 2331 568 2379 constat
593 2329 822 2378 manifeste
849 2346 905 2377 ex
928 2329 1112 2377 Verbo:
1150 2330 1305 2394 Qon
1334 2345 1415 2376 εῖτ
1445 2345 1577 2376 uuus
1603 2345 1711 2377 cuM
1736 2331 1939 2388 PATRE,
1975 2332 2099 2395 apud
2123 2332 2400 2392 Johannem‚

394 2403 431 2425 “
467 2399 622 2444 Deum
658 2413 796 2444 nemo
829 2396 946 2443 vidit
977 2411 1198 2459 unquam,
1234 2396 1517 2459 Unigenitus
1538 2397 1681 2443 Filius
1705 2395 1798 2460 Qi
1818 2398 1864 2443 in
1870 2397 1973 2456 sinu
1998 2399 2205 2454 Patris,'’
2227 2416 2292 2456 Διτ
2323 2403 2399 2448 18.

394 2464 546 2526 Apud
569 2463 800 2519 Eundem,
838 2467 872 2489 “
898 2462 1178 2520 Quaerebant
1201 2462 1357 2521 Judaei
1394 2462 1644 2510 interficere
1677 2462 1852 2523 Jesum,
1903 2464 2031 2527 quod
2069 2465 2253 2512 Patrem
2293 2480 2403 2529 pro·

395 2533 549 2595 prium
589 2528 765 2575 dixiffet
810 2529 978 2584 Deum,
1006 2539 1156 2589 parem
1193 2530 1243 2574 Se
1266 2529 1408 2590 Ipsum
1436 2529 1606 2590 faciens
1627 2531 1751 2584 Deo,
1786 2527 2017 2593 respondit
2040 2530 2168 2591 Jesus
2187 2531 2239 2579 δι
2263 2531 2400 2587 dixit,

396 2613 548 2654 amen,
582 2611 731 2651 amen,
768 2595 874 2641 dico
896 2595 1044 2652 vobiS,
1081 2611 1173 2641 non
1211 2593 1358 2658 potest
1393 2589 1536 2642 Filius
1575 2595 1719 2643 facere
1751 2613 1776 2643 a
1804 2596 1860 2642 Se
1883 2596 1987 2660 Ipso
2018 2598 2282 2660 quicquam,
2317 2597 2402 2646 nisi

395 2664 524 2726 quod
546 2662 711 2709 viderit
737 2661 918 2707 Patrem
942 2659 1202 2721 facientem,
1237 2676 1344 2724 quae
1367 2677 1532 2725 nempe
1556 2661 1637 2709 Ille
1657 2660 1783 2719 facit,
1817 2661 1919 2710 haec
1950 2665 2085 2710 etiam
2108 2664 2252 2711 Filius
2275 2663 2399 2712 firni-

395 2730 499 2777 liter
522 2727 658 2777 facit:
695 2727 1091 2791 quemadmodum
1124 2728 1258 2774 Pater
1289 2726 1465 2775 suscitat
1505 2741 1713 2790 mortuos
1743 2730 1793 2777 ὅτ
1823 2729 2043 2787 vivificat,
2079 2732 2140 2778 ita
2161 2733 2297 2779 etiam
2321 2731 2400 2778 Fi-

396 2795 484 2843 lius
505 2811 620 2860 quos
645 2796 746 2843 vult
769 2794 1004 2851 vivificat3
1041 2810 1186 2858 neque
1209 2795 1341 2842 Pate-r
1365 2792 1545 2859 judicat
1583 2811 1881 2860 quemquam,
1917 2795 1990 2843 sed
2006 2795 2238 2860 judicium
2262 2813 2402 2846 omne

397 2861 526 2909 dedit
548 2862 682 2918 Filio,
719 2874 772 2908 ut
809 2877 969 2908 omnes
1008 2862 1232 2908 honorent
1271 2860 1443 2910 Filium
1488 2862 1884 2926 quemadmodum
1925 2863 2150 2911 honorant
2183 2866 2363 2913 Patrem
2383 2887 2417 2920 3<

397 2929 732 2990 quemadmodum
759 2929 892 2975 Pater
929 2929 1056 2980 habet
1096 2931 1236 2975 vitam
1272 2930 1317 2974 in
1341 2929 1391 2975 Se
1410 2930 1522 2992 IPfh,
1557 2931 1623 2976 ita
1653 2929 1769 2976 dedit
1799 2932 1928 2978 etiam
1949 2931 2062 2978 Filio
2084 2933 2227 2979 vitam
2248 2932 2403 2979 habere

399 2994 446 3038 in
470 2994 525 3040 Se
546 2994 675 3057 Ipso:
715 2996 797 3058 qui
829 2994 947 3041 misit
973 2995 1057 3041 Me
1081 2995 1227 3051 Pater,
1263 2993 1360 3059 Ipse
1385 2995 1564 3043 testatus
1597 2994 1660 3042 est
1684 2995 1741 3042 de
1762 2997 1864 3053 Me,
1902 3013 2046 3060 neque
2071 3013 2235 3045 vocem
2257 2997 2400 3060 Ipfius

399 3060 630 3107 audivistis
650 3077 872 3123 unquam,
909 3077 1055 3124 neque
1094 3060 1288 3124 speciem
1333 3059 1428 3124 ejus
1468 3061 1678 3118 vidistis;
1714 3061 1972 3110 scrutamini
2009 3064 2274 3127 Scripturas,
2311 3063 2401 3109 illae

400 3124 501 3171 sunt
536 3142 642 3187 quae
679 3126 894 3173 testantur
932 3128 989 3174 de
1021 3129 1162 3185 Me,'’
1198 3143 1263 3176 v:
1297 3146 1315 3176 1
1346 3128 1402 3174 ad
1428 3127 1475 3176 f:
1513 3144 1596 3192 per
1616 3130 1800 3176 Patrem
1825 3129 1886 3176 ibi
1910 3129 2192 3193 intelligitur,
2230 3129 2400 3176 utd1c-

400 3201 522 3248 tum,
557 3193 785 3239 Divinum
810 3193 1010 3250 Bonum,
1049 3195 1098 3242 &
1134 3210 1216 3256 per
1254 3194 1426 3242 Filium
1466 3195 1693 3243 Divinum
1715 3196 1910 3251 Verum,
1948 3207 2195 3260 utrumque
2231 3196 2277 3241 in
2301 3196 2401 3241 Do-

1381 3260 1430 3316 L*
1450 3259 1463 3305 l
1489 3260 1505 3306 l
1542 3277 1568 3309 2
2244 3261 2371 3310 mino
2389 3283 2403 3316 ς
