2872 3730
490 298 575 358 60
980 293 1961 362 GENESIS.

488 410 545 464 de
579 416 830 481 posteritate
868 416 941 467 sua
964 420 1294 468 confirmatum
1332 421 1432 479 esse,
1467 432 1557 469 erat
1578 422 1697 470 enirn
1718 421 1874 469 David
1899 423 1945 468 in
1978 437 2128 471 amore
2159 421 2223 470 sui
2248 422 2297 470 &
2324 420 2478 488 postess

494 488 633 530 ritatis
674 484 779 541 suae,
814 486 863 532 &
904 486 1007 533 inde
1044 486 1251 544 credidit,
1285 489 1413 551 quod
1453 488 1509 536 de
1546 487 1642 545 illo,
1678 503 1857 551 nempe,
1891 500 1944 534 ut
1979 489 2124 553 supra,
2160 491 2289 554 quod
2326 493 2371 537 in
2411 502 2478 537 ae-‘

493 559 675 598 ternum
714 551 966 599 firmaretur
1005 552 1152 600 semen
1188 552 1298 617 ejus,
1334 555 1453 601 &in
1478 556 1810 618 generationem
1835 556 1883 602 ὅτ
1919 558 2250 618 generationem
2288 557 2481 604 thronus
2547 562 2559 574 ‘

494 614 605 678 ejus,
641 632 749 664 cum
787 628 939 664 tamen
975 619 1032 676 cle
1055 619 1260 667 Domino
1293 620 1483 667 dictum.
1555 621 1702 684 Apud
1724 620 1920 677 Esaiam,
1957 624 2169 684 “Aquae
2193 623 2369 669 Noachi
2393 623 2480 669 hoc

496 683 635 738 Mihi,
690 683 816 746 quod
855 686 1025 746 Juravi
1065 701 1154 731 non
1192 686 1373 732 transire
1408 701 1544 748 aquas
1579 686 1759 733 Noachi
1798 687 1990 749 amplius
2027 686 2157 751 super
2189 700 2368 746 terram,
2420 689 2481 735 ita

497 751 667 811 Juravi
706 765 796 796 non
835 749 1081 797 succensere
1121 751 1250 807 tibi,”
1287 767 1405 806 mv,
1433 770 1479 816 9,
1516 751 1596 798 ubi
1612 750 1761 816 jurare
1783 767 1868 815 pro
1902 751 2052 800 foedus
2073 770 2267 817 pangere
2291 756 2338 801 δε
2355 752 2480 817 jura·
2535 808 2545 811 Q

500 827 656 861 mento
690 815 970 872 confirmare,
1021 816 1148 879 quod
1186 815 1341 863 foedus
1380 815 1530 873 fuerit,
1579 834 1670 864 non
1699 816 2026 881 juramentum,
2060 820 2269 867 videatur
2300 819 2477 867 Genes:

502 896 588 927 1x:
623 898 705 928 11:
754 882 875 945 apud
911 883 1144 938 Eundem,
1182 887 1216 910 “
1239 886 1429 946 Juravit
1451 884 1672 948 Jehovah,
1721 884 1931 940 dicendo,
1967 884 1998 930 fi
2038 901 2146 942 non,
2181 884 2479 948 quemadmo-

501 946 615 993 dum
655 949 869 1009 cogitavi,
920 949 981 995 ita
1016 949 1147 1004 erit,”
1182 964 1300 996 xiv:
1330 966 1419 1009 24:
1473 949 1597 1013 apud
1642 949 1875 1006 Eundem,
1913 952 2164 1013 “Juravit'
2196 951 2400 1015 Jehovah
2435 954 2483 998 in
2541 948 2543 951 ’

500 1012 691 1059 dextram
727 1012 852 1077 suam
870 1049 884 1070 ,
936 1015 984 1061 ὅτ
1026 1015 1072 1061 in
1118 1014 1352 1062 brachium
1397 1016 1568 1063 roboris
1612 1015 1726 1072 sui,”
1771 1031 1910 1063 an:
1941 1020 1999 1064 8:
2059 1016 2179 1081 apud
2218 1015 2482 1078 Jeremiam‚

503 1083 537 1105 “
574 1078 748 1125 Audite
770 1080 978 1126 Verbum
1002 1080 1192 1140 Jehovae
1224 1082 1374 1128 omnis
1398 1081 1625 1142 Jehudah,
1660 1081 1907 1128 habitantes
1929 1083 1976 1129 in
1999 1094 2113 1130 terra
2131 1083 2345 1147 AEgypti,
2380 1096 2483 1130 ecce

500 1143 608 1207 Ego
626 1145 791 1208 juravi
829 1147 874 1191 in
908 1145 1071 1192 Nomen
1104 1161 1235 1193 meum
1274 1162 1486 1208 magnum,
1522 1147 1642 1193 dixit
1665 1147 1885 1207 jehovah,
1922 1147 1956 1194 fi
1977 1149 2060 1195 erit
2079 1148 2274 1210 amplius
2295 1149 2484 1196 Nomen

502 1225 658 1256 meum
698 1212 959 1261 invocatum
998 1212 1046 1257 in
1080 1226 1156 1258 ore
1192 1212 1343 1270 omnis
1383 1212 1468 1257 viri
1499 1211 1711 1272 Jehudae,
1747 1212 1953 1268 dicentis,
1987 1213 2120 1259 vivus
2152 1214 2384 1260 Dominus
2407 1215 2486 1274 Je-

501 1275 643 1322 hovih
675 1275 883 1332 inomni
923 1282 1037 1323 terra
1060 1277 1308 1340 AEgypti,''
1343 1293 1491 1325 xmv:
1518 1277 1610 1325 26:
1646 1277 1769 1340 apud
1794 1277 2025 1333 Eundem,
2063 1281 2098 1304 ‘⁶
2121 1279 2174 1325 In
2197 1283 2279 1328 Me
2301 1279 2484 1341 juravi,

502 1341 658 1389 ditium
682 1343 878 1403 Jehovae,
926 1342 1053 1405 quod
1093 1343 1140 1389 in
1177 1342 1493 1390 desolationem
1533 1344 1617 1390 erit
1649 1343 1844 1398 Bozra,'’
1878 1358 2028 1390 xmx:
2062 1360 2147 1406 13:
2198 1343 2319 1407 apud
2357 1344 2489 1392 Eun-³

502 1407 627 1463 dem,
681 1412 714 1434 “
749 1411 938 1469 Juravit
974 1409 1179 1471 Jehovah
1216 1409 1408 1456 Zebaoth
1445 1412 1494 1456 in'
1534 1411 1719 1457 animam
1747 1411 1891 1472 suam,
1943 1407 1977 1455 fi
2016 1425 2109 1455 non
2153 1409 2408 1472 implevero
2442 1422 2490 1458 te

500 1472 685 1519 homine
725 1473 837 1520 ficut
872 1474 1095 1531 brucho,”
1134 1492 1217 1522 LI:
1251 1492 1340 1535 14:
1377 1475 1500 1539 apud
1523 1477 1692 1532 Amos,
1730 1480 1764 1502 “
1786 1476 1977 1537 Juravit
1999 1475 2208 1522 Dominus
2228 1475 2422 1538 Jehdvih
2443 1479 2492 1532 in

490 1539 766 1601 sanHitatem
795 1541 938 1602 suam,
972 1540 1099 1603 quod
1140 1556 1243 1587 ecce
1278 1541 1373 1587 dies
1395 1542 1673 1597 venientes,’'
1709 1557 1792 1587 1v:
1822 1556 1883 1588 2:
1920 1540 2043 1602 apud
2072 1540 2305 1598 Eundem,
2344 1546 2379 1570 “
2399 1545 2489 1606 Ju-

501 1607 625 1651 ravit
648 1605 851 1667 Jehovah
887 1608 933 1652 in
971 1605 1242 1664 celsitudinem
1265 1607 1439 1668 Jacobi,
1489 1606 1522 1652 fi
1561 1605 1729 1652 oblitus
1762 1603 1891 1652 fuero
1930 1606 1977 1651 in
2013 1606 2487 1667 aeternuni'omnium

502 1667 725 1717 factorum
761 1663 970 1727 eorum,''
1005 1686 1136 1718 vm:
1166 1686 1193 1734 7
1214 1693 1230 1725 ·‚
1265 1673 1310 1717 in
1351 1671 1436 1719 illis
1476 1670 1602 1728 locis,
1636 1670 1764 1734 quod
1787 1668 1994 1732 Jehovah
2029 1668 2242 1732 juraverit
2272 1687 2354 1735 per
2375 1672 2486 1720 dex-

503 1747 620 1783 tram
660 1735 799 1793 suam,
835 1753 915 1800 per
946 1737 1134 1784 Nomen
1166 1736 1294 1783 suurn
1337 1753 1576 1800 magnum,
1628 1752 1708 1800 per
1746 1737 1819 1792 Se,
1870 1751 1951 1800 per
1988 1737 2187 1784 animam
2230 1736 2371 1796 suam,
2404 1734 2507 1807 perT

503 1801 775 1849 sandiitatem
816 1801 955 1859 suam,
991 1818 1071 1866 per
1108 1803 1416 1851 celsitudinem
1440 1804 1618 1864 Jacobi,
1653 1803 1907 1866 significant
1951 1802 2342 1851 confirmationem
2382 1821 2490 1869 quae

504 1869 553 1914 in
589 1868 793 1929 Jehovah
831 1869 903 1916 seu
942 1870 1166 1926 Domino,
1210 1869 1496 1917 confirmatio
1533 1886 1558 1917 a
1582 1868 1789 1931 Jehovah
1829 1874 1921 1917 non
1957 1868 2118 1916 dabilis
2157 1868 2221 1916 est
2248 1882 2397 1933 ‘quarn
2432 1887 2490 1919 ex

503 1933 641 1998 Ipso,
677 1934 835 1982 dextra
855 1935 1062 1997 Jehovae,
1111 1936 1300 1983 Nomen
1340 1952 1563 2000 magnum
1587 1935 1796 1997 Jehovae,
1831 1935 2004 1982 Anima
2026 1935 2240 1996 Jehovae,
2275 1936 2491 1985 Sanctitas

502 2000 714 2061 Jehovae,
749 2001 982 2049 Celfitudo
1004 2001 1182 2063 Jacobi,
1217 2001 1469 2065 significant
1504 2003 1731 2049 Divinum
1772 2001 2050 2048 Humanum
2069 2002 2280 2058 Domini,
2314 2018 2395 2067 per
2417 2006 2487 2068 ip-

506 2065 623 2122 sum,
659 2065 747 2113 fuit
781 2067 1081 2115 confirmatio.
1152 2069 1298 2133 Qod
1321 2068 1527 2129 jehovah
1562 2067 1636 2116 seu
1667 2068 1895 2115 Dominus
1927 2064 2144 2130 juraverit
2181 2067 2286 2115 dare
2323 2079 2488 2117 terram

506 2132 788 2190 AbrahamO,
823 2133 946 2181 Isaco
984 2136 1026 2181 ἃ
1075 2135 1264 2196 jacobo,
1302 2135 1375 2182 seu
1415 2133 1599 2198 posteris
1635 2149 1811 2191 eorum,
1847 2135 1893 2180 in
1916 2132 2037 2190 sensu
2061 2134 2236 2180 interno
2264 2131 2491 2198 fignificat

508 2199 900 2248 confirmationem
937 2200 1064 2263 quod
1103 2200 1228 2248 daret
1265 2202 1485 2264 Regnum
1525 2200 1705 2248 coeleste
1747 2199 1834 2247 illis
1851 2234 1866 2256 ‚
1914 2200 1995 2263 qui
2034 2201 2081 2246 in
2119 2215 2272 2247 amore
2310 2202 2361 2249 ὅτ
2399 2200 2491 2250 fide

508 2263 611 2311 sunt
648 2266 693 2312 in
732 2265 915 2328 Ipsum3
951 2267 983 2313 ii
1018 2265 1119 2313 sunt
1154 2267 1236 2330 q'ui
1269 2267 1582 2330 intelliguntur
1621 2268 1667 2314 in
1696 2265 1837 2313 Verbi
1875 2264 1997 2312 sensu
2037 2267 2212 2313 interno
2251 2283 2332 2330 per
2374 2266 2492 2314 filios

508 2330 559 2378 δε
595 2330 793 2394 posteros
817 2331 1083 2389 Abrahami,
1119 2332 1224 2380 Isaci
1259 2335 1308 2380 δε
1332 2333 1509 2395 Jacobi,
1545 2334 1617 2380 seu
1656 2334 1879 2387 Patrum3
1922 2331 2048 2394 quod
2088 2333 2225 2378 etiam
2264 2332 2494 2398 actualiter

507 2397 872 2459 repraesentatum
911 2414 994 2462 per
1031 2398 1097 2455 id,
1130 2398 1259 2461 quod
1293 2399 1480 2462 posteris
1517 2413 1676 2445 eorum
1716 2399 1818 2444 data
1848 2397 1902 2443 fit
1922 2408 2038 2442 terra
2060 2397 2256 2452 Canaan,
2292 2397 2342 2446 &
2365 2397 2496 2462 quod

506 2462 707 2509 Ecclesia
739 2475 847 2510 tunc
886 2463 1006 2526 apud
1040 2479 1115 2511 eos
1154 2463 1485 2527 repraesentaret
1509 2464 1727 2527 Regnum
1761 2463 1956 2509 Domini
1991 2461 2185 2516 coeleste,
2223 2473 2276 2508 ut
2309 2480 2494 2526 quoque

510 2528 601 2589 ipsa
635 2541 763 2584 terra,
798 2530 925 2591 quod
959 2543 1073 2577 terra
1111 2531 1159 2576 &
1200 2543 1313 2576 terra
1352 2531 1528 2576 Canaan
1572 2531 1618 2575 in
1663 2528 1786 2575 sensu
1818 2529 2005 2579 *interno
2042 2526 2096 2572 fit
2135 2525 2354 2588 Regnum
2389 2530 2507 2577 Do--
2577 2512 2584 2522 x

510 2594 641 2649 mini,
676 2594 946 2640 videaturn
969 2613 981 2641 ι
1008 2611 1146 2657 1413.
1189 2610 1326 2657 1437.
1359 2596 1500 2657 1607,
1536 2593 1640 2640 inde
1676 2592 1754 2648 est,
1789 2591 1914 2654 quod
1952 2590 2127 2637 dicatur
2161 2593 2284 2654 apud
2299 2593 2490 2651 Mosen,

515 2663 549 2684 “
584 2659 824 2720 Propterea
858 2670 911 2704 ut
948 2659 1226 2721 prolongetis
1259 2659 1354 2704 dies
1377 2660 1507 2721 super
1529 2659 1669 2713 humo,
1703 2673 1826 2721 quam
1844 2656 2260 2719 juravitJehovah
2289 2660 2493 2721 patribus

514 2722 676 2782 vestris,
710 2724 768 2770 ad
797 2723 1000 2770 dandum
1035 2723 1138 2779 illis,
1173 2724 1223 2770 ὅτ
1253 2722 1408 2770 semini
1437 2738 1612 2779 eorum,
1647 2732 1806 2769 terram
1839 2723 2054 2768 fluentem
2081 2721 2198 2768 lacte
2231 2724 2280 2771 δε
2326 2725 2488 2774 melle:

515 2801 748 2852 propterea
791 2801 842 2835 ut
872 2789 1239 2851 'multiplicentur
1283 2788 1375 2835 dies
1413 2788 1564 2844 vestri,
1615 2789 1665 2835 ὅτ
1702 2788 1795 2834 dies
1834 2787 2034 2833 filiorum
2074 2787 2322 2836 vestrorum
2361 2789 2492 2854 super

513 2856 669 2912 humo,
705 2870 828 2919 quam
846 2856 1030 2917 juravit
1070 2854 1283 2915 Jehovah,
1298 2854 1499 2916 patribus
1533 2850 1697 2913 vestrir,
1748 2853 1805 2900 ad
1844 2852 2046 2900 dandum
2082 2853 2184 2909 illis,
2224 2852 2358 2917 juxta
2395 2856 2491 2915 dies

516 2921 742 2968 calorum
782 2919 910 2983 super
945 2921 1112 2976 terra,''
1147 2921 1300 2967 Deut:
1326 2936 1409 2967 xr:
1440 2937 1532 2974 213
1584 2936 1640 2966 ex
1679 2920 1746 2966 his
1786 2919 1896 2966 locis
1934 2934 2054 2965 nunc
2090 2919 2288 2979 constare
2327 2922 2490 2985 potest,

515 2987 642 3050 quod
673 2985 823 3048 jurare
854 2986 1045 3048 Jehovae
1085 2983 1217 3032 fuerit
1257 2981 1665 3048 repraesentativu'm
1699 2984 2068 3040 confirmationis,
2103 2986 2152 3032 ὅτ
2175 2986 2362 3048 quidem
2386 2989 2491 3034 irre-

513 3051 762 3108 vccabilis3
815 3067 865 3099 ut
900 3049 1172 3099 manifestius
1213 3051 1360 3098 adhuc
1399 3063 1520 3114 patet
1557 3051 1679 3115 apud
1700 3050 1910 3106 Esaiam,
1949 3055 1982 3077 ‘⁶
2007 3052 2059 3098 In
2082 3054 2162 3098 Me
2184 3055 2361 3112 juravi,
2398 3056 2492 3100 exi-

516 3121 583 3166 vit
620 3135 676 3166 ex
711 3134 786 3165 ore
829 3135 932 3167 meo
962 3116 1149 3182 justitiae
1183 3119 1394 3173 verbum,
1431 3119 1480 3164 δε
1520 3133 1611 3164 non
1649 3129 1908 3172 revertetur,
1943 3117 2068 3178 quod
2094 3116 2215 3162 Mihi
2240 3119 2494 3167 incurvabit

513 3185 554 3234 st:
593 3201 729 3232 ornne
769 3201 905 3248 genu,
942 3184 1118 3248 jurabit
1168 3187 1297 3232 omnis
1335 3184 1530 3248 lingua,'’
1566 3199 1691 3231 XLv:
1719 3200 1792 3247 23.
1846 3183 2066 3230 Praeterea
2105 3180 2358 3246 injuncium
2405 3183 2491 3233 fuit

2385 3244 2488 3307 illis,
