2904 3750
696 164 1030 276 CAPUT
1060 206 1648 273 'VIGEslMuM
1692 206 2115 275 SEXTUM.
2269 236 2407 303 313

394 358 475 423 qui
512 357 662 422 itaque
694 356 830 405 docet
867 354 987 420 quid,
1017 351 1295 409 faciendum,
1339 354 1390 400 δε
1431 368 1523 400 non
1560 350 1683 410 facit,
1718 365 1827 398 vera
1865 366 1956 398 non
1997 351 2105 400 scire
2137 353 2256 411 vult,
2293 371 2402 403 narn

396 438 552 473 contra
590 424 728 489 ipfius
763 425 907 470 vitam
947 419 1065 475 sunt,
1107 419 1158 464 δε
1181 434 1288 482 quae
1322 431 1479 466 contra
1501 419 1665 486 vitam,
1699 418 1775 466 illa
1805 433 1991 480 quoque
2032 433 2201 483 negat3
2236 437 2292 468 ex
2316 422 2403 469 illis

393 493 474 550 est,
510 492 638 556 quod
661 488 922 538 doctrinalia
943 484 1110 533 amoris
1132 484 1183 531 &
1207 484 1448 541 charitatis,
1474 500 1582 548 qus-e
1606 486 1875 548 in-Antiqua
1898 483 2097 532 Ecclefia
2119 500 2242 534 erant
2266 504 2404 536 omne

395 559 634 614 doetrinae,
668 551 1021 604 obliteratafint.
1141 558 1144 561 ’

463 641 605 689 3421.
648 623 713 671 Et
749 619 934 667 vocavit
968 618 1058 670 illis
1096 618 1298 675 nomina,
1343 617 1472 682 quod
1510 617 1733 681 significet
1759 617 1904 682 quale
1939 617 2143 676 illorum,
2180 620 2351 668 constat
2377 637 2404 669 a

390 690 715 756 fignificatione
742 701 903 734 vocare
941 685 1142 742 nomina,
1195 685 1328 749 quod
1367 685 1427 732 fit·
1459 686 1608 750 quale,
1660 685 1719 732 de
1754 701 1846 748 qua
1882 702 1943 733 n:
1975 703 2081 746 144.
2115 703 2223 749 145.
2258 703 2398 751 1754.

398 757 537 824 1896.
564 773 708 820 2009.
736 770 880 819 2724.
906 751 1048 816 3006.
1079 769 1205 817 3237
1228 775 1243 808 ·,
1278 753 1328 800 &
1353 753 1459 816 quia
1482 768 1642 800 vocare
1665 752 1852 799 nomina
1875 751 1947 799 seu
1971 769 2139 800 nomen
2162 753 2226 800 est
2249 755 2400 817 quale,

393 825 498 873 ideo
519 825 680 872 Vocare
711 819 876 884 absque
912 819 1039 883 quod
1079 819 1254 867 dicatur
1290 815 1475 876 nomen,
1511 818 1718 866 inVerbi
1742 818 1862 866 sensu
1890 820 2069 866 interno·
2087 819 2309 882 fignificat
2332 821 2405 886 ff

391 891 511 948 talis,
547 900 600 937 ut
627 887 751 953 apud
776 887 972 944 Esaiam,
1009 891 1044 913 “
1069 886 1245 934 Audite
1270 885 1358 934 hoc
1392 886 1561 933 domus
1584 884 1767 942 Israeli3‚
1805 887 1954 933 vocati
1988 887 2174 933 nomine
2217 887 2409 945 Israelis,

391 959 442 1007 &
465 972 523 1005 ex
544 957 677 1020 aquis
696 953 892 1016 Jehuclae
915 954 1171 1010 exiverunt,
1206 954 1313 1017 quia
1333 953 1390 1000 ab
1412 953 1516 1000 urbe
1526 954 1782 1017 sanHitatis
1802 964 2038 1010 vocantur,
2068 955 2118 1000 &
2143 953 2275 1016 super
2302 956 2403 1002 Deo

366 1024 559 1074 „Israelis
588 1022 845 1080 nituntur,”
881 1036 1081 1069 xnvm:
1113 1038 1152 1068 1.
1179 1037 1226 1077 2,
1263 1020 1343 1068 ubi
1365 1019 1422 1068 ab
1443 1019 1555 1067 urbe
1576 1019 1817 1068 sanctitatis
1840 1022 2011 1076 vocari,
2047 1036 2132 1083 pro
2153 1021 2237 1068 effe
2259 1021 2368 1070 tales
2388 1041 2407 1071 ε.

391 1093 442 1141 &
466 1090 588 1156 apud
613 1090 811 1146 Lucam,
849 1094 886 1116 ‘⁶
907 1089 1030 1136 Ecce
1064 1088 1290 1151 concipies
1323 1088 1547 1144 in-utero,
1582 1087 1632 1134 &
1656 1089 1798 1150 paries
1831 1087 1997 1143 filium,
2034 1088 2084 1134 &
2110 1087 2293 1135 vocabis
2318 1106 2400 1136 no»

392 1174 500 1207 men
538 1155 633 1221 ejus
673 1155 819 1218 Jesus,
867 1155 941 1203 hic
979 1155 1064 1202 erit
1102 1155 1327 1217 Magnus,
1362 1154 1413 1201 δε
1435 1154 1574 1202 Filius
1588 1153 1787 1214 Altffmi
1814 1155 2098 1213 vocabimur-'³¹
2136 1171 2184 1202 1:
2213 1172 2286 1219 31.
2318 1173 2398 1219 32,

391 1227 545 1273 vocari
567 1224 711 1272 Filius
735 1223 956 1271 Altiffirni
990 1236 1076 1286 pro
1095 1221 1214 1269 Effe.

463 1309 606 1356 3422.
642 1291 770 1337 Sicut
793 1289 980 1337 nomina
998 1304 1106 1352 quae
1130 1288 1319 1336 vocavit
1341 1287 1428 1336 illis
1451 1299 1577 1352 pater
1598 1286 1710 1351 ejus,
1746 1287 1878 1352 quod
1897 1287 2121 1352 significet
2144 1290 2238 1336 veri
2265 1288 2400 1354 figni-

394 1360 592 1415 ficadva,
628 1355 802 1405 constat
832 1371 890 1403 ex
920 1371 992 1413 eo,
1027 1355 1154 1419 quod
1190 1356 1392 1412 nomina,
1428 1371 1536 1418 quae
1575 1356 1772 1420 antiquis
1810 1354 2094 1419 temporibus
2134 1355 2403 1405 indebantur

392 1424 608 1491 personis,
659 1423 788 1482 locis,
837 1421 986 1479 rebus,
1038 1423 1192 1470 omnia
1237 1422 1534 1486 fignificativa
1573 1423 1725 1478 effent,
1774 1423 1981 1470 videatur
2026 1439 2086 1469 n:
2115 1440 2226 1486 340.
2259 1424 2399 1488 1'946.

396 1494 541 1557 2643,
578 1494 639 1540 ita
661 1507 768 1556 quae
791 1488 996 1537 fontibus
1018 1490 1069 1536 &
1092 1489 1258 1552 puteis,
1292 1489 1589 1552 significativa
1611 1502 1736 1537 erant
1769 1489 1948 1537 illarum
1985 1505 2154 1546 rerum,
2192 1506 2298 1553 quae
2321 1507 2403 1555 per

394 1559 543 1608 fontes
581 1561 628 1619 ὃς
670 1569 832 1621 puteos
871 1556 983 1603 olim
1025 1555 1266 1603 intelleetae
1297 1553 1498 1612 fuerunt,
1532 1572 1640 1618 quae
1666 1556 1793 1619 quod
1831 1555 1998 1603 fuerint
2019 1558 2132 1613 veri,
2171 1573 2227 1604 n:
2255 1573 2399 1621 2702.

394 1626 540 1691 3096,
575 1622 802 1682 ostensum
824 1622 922 1678 est;
957 1622 1138 1684 &quia
1159 1622 1350 1668 nomina
1370 1619 1552 1668 fuerunt
1585 1621 1899 1685 significativa,
1934 1623 2070 1669 etiam
2111 1638 2192 1686 per
2231 1639 2405 1671 nomen-

392 1695 441 1740 &
477 1707 639 1739 vocare
677 1690 863 1736 nomine
902 1689 948 1734 in
988 1703 1149 1750 genere
1189 1687 1467 1751 fignificatur
1501 1688 1632 1752 quale
1669 1688 1744 1735 vel
1779 1690 1842 1735 rei
1881 1689 1956 1735 vel
1995 1687 2148 1745 status,
2202 1703 2253 1737 ut
2292 1707 2404 1739 mox

391 1758 524 1823 supra
562 1775 622 1806 n:
650 1773 795 1821 3421,
831 1755 1042 1810 dietum
1077 1755 1128 1802 δε
1151 1756 1259 1819 quia
1282 1755 1357 1811 ita,
1394 1771 1475 1820 per
1499 1756 1685 1802 nomina
1719 1756 1765 1803 in
1789 1754 1971 1812 Verb0,·
2001 1756 2046 1802 in
2071 1754 2192 1802 sensu
2216 1755 2311 1820 ejus
2335 1759 2403 1805 in-

392 1818 536 1883 terno,
573 1841 665 1872 non
704 1822 982 1887 significatur
1020 1821 1168 1885 aliqua
1205 1820 1409 1886 persona,
1445 1834 1521 1870 aut
1544 1822 1692 1886 aliqua
1715 1839 1844 1886 gens,
1878 1835 1957 1870 aut
1978 1822 2165 1886 aliquod
2189 1839 2407 1888 regnum,

393 1906 471 1940 aut
509 1892 659 1954 aliqua
693 1891 819 1946 urbs,
853 1887 928 1935 sed
964 1887 1134 1951 ubique
1172 1905 1254 1936 res.
1326 1887 1534 1954 Qisque
1574 1890 1845 1938 concludere
1875 1889 2038 1954 potest,
2074 1890 2202 1954 quod
2226 1892 2301 1939 hic
2323 1908 2405 1956 per-

393 1972 554 2024 puteos
591 1955 763 2020 aliquid
804 1953 985 2022 coeleste
1019 1954 1330 2017 fignificetur,'
1348 1971 1454 2004 nam
1488 1956 1568 2004 nis1
1593 1957 1697 2015 hoc,
1733 1969 1804 2006 tot
1826 1955 2031 2021 specifica
2054 1957 2111 2004 de
2134 1960 2284 2022 puteis
2310 1975 2406 2006 me-

394 2042 585 2080 morare,
623 2039 715 2070 non
750 2021 867 2068 foret
899 2021 1098 2084 dignum
1121 2021 1278 2069 Verbo
1307 2023 1501 2079 Divino,
1537 2025 1645 2087 quia
1680 2025 1846 2074 nullius
1880 2023 1985 2071 usus
2022 2023 2146 2082 scire,
2190 2038 2243 2072 ut
2275 2027 2405 2088 quod

392 2092 610 2141 Philistaei
643 2089 953 2137 obturaverint
984 2099 1162 2151 puteOS,
1197 2103 1314 2151 quos
1352 2087 1567 2136 foderunt
1602 2089 1715 2138 servi
1740 2091 2027 2148 Abrahami;
2064 2092 2190 2155 quod
2216 2084 2419 2154 jischak'

394 2159 606 2206 refoderit
642 2155 759 2212 illos,
795 2156 845 2203 ὅτ
869 2155 996 2218 quod
1020 2157 1253 2202 vocaverit
1276 2154 1362 2201 illis
1395 2156 1582 2202 nomina
1621 2157 1735 2206 ficut
1774 2160 1962 2206 nomina
2003 2159 2185 2222 priora;
2224 2162 2272 2207 δε
2298 2161 2411 2208 dein-

391 2225 519 2290 quod
551 2224 662 2271 servi
686 2220 887 2284 Jischaki
912 2219 1110 2268 foderint
1132 2233 1324 2285 puteum
1349 2222 1396 2268 in
1418 2221 1549 2278 valle,
1585 2221 1642 2269 de
1665 2238 1762 2286 quo
1783 2225 1914 2270 rixati
1926 2224 2166 2287 *pastores3
2202 2227 2251 2273 &
2275 2229 2409 2290 quod

395 2293 544 2340 rursus
576 2290 775 2338 foderint
807 2289 965 2344 alium,
1001 2288 1058 2334 de
1087 2303 1184 2352 quo
1218 2289 1354 2336 etiam
1392 2289 1551 2344 rixati3
1600 2289 1651 2336 ὅτ
1685 2289 1836 2353 postea
1870 2290 2027 2347 alium,
2078 2292 2134 2338 de
2174 2308 2270 2354 quo
2309 2310 2408 2340 non·

395 2359 558 2412 rixati·,
608 2372 659 2403 ac
695 2354 844 2402 rursus
876 2354 1052 2409 alium·,
1100 2355 1150 2401 ὅτ
1190 2355 1375 2401 tandem
1415 2355 1543 2419 quod
1577 2355 1633 2403 de
1673 2373 1798 2404 novo
1834 2369 1974 2419 puteo
2008 2359 2052 2403 ei
2085 2358 2401 2416 indicaverint,

394 2423 533 2471 Vers:
567 2439 639 2485 15.
666 2427 738 2471 18.
764 2439 836 2486 19.
858 2438 935 2470 20.
958 2438 1034 2469 21.
1056 2437 1133 2469 22.
1156 2437 1232 2484 25.
1255 2437 1331 2485 32.
1354 2437 1412 2485 33
1436 2444 1451 2478 3
1487 2423 1533 2469 at'
1556 2416 1751 2480 coeleste,
1788 2423 1916 2487 quod
1953 2439 2035 2487 per
2056 2423 2156 2471 illos
2181 2423 2404 2488 fignifica-

395 2504 486 2547 tur,
523 2500 644 2553 patet
667 2503 789 2535 nunc
813 2504 838 2535 a
859 2486 982 2534 sensu
1007 2488 1197 2537 interno,

466 2573 610 2621 3423.
647 2552 785 2602 Vers:
819 2573 890 2619 ¹9·
921 2571 997 2604 20.
1027 2555 1102 2603 2'1.
1152 2556 1217 2602 Et
1233 2554 1443 2622 foderunt
1468 2557 1593 2620 servi
1616 2558 1816 2622 Jischaki
1839 2559 1884 2605 in
1907 2557 2038 2614 valle,
2075 2556 2131 2606 ὅ
2153 2561 2406 2607 invenerunt

396 2624 458 2672 ibi
487 2633 662 2685 puteum
702 2637 912 2686 aquarum
950 2623 1172 2668 vivarum.
1244 2623 1309 2670 Et
1342 2625 1481 2670 rixati
1508 2624 1615 2687 sunt
1646 2624 1833 2686 pastores
1856 2626 2032 2672 Geraris
2057 2641 2150 2672 cum
2169 2626 2408 2686 pastoribus

395 2690 613 2756 Jischaki‚
647 2688 834 2744 dicendo,
870 2688 988 2735 nobis
1010 2704 1131 2754 aquae
1148 2710 1166 2744 ·‚
1201 2688 1258 2737 ΕΞ
1279 2690 1459 2737 vocavit
1491 2706 1634 2738 nomen
1662 2693 1787 2752 putei
1811 2691 1938 2755 Esek,
1973 2693 2073 2755 quia
2111 2693 2407 2741 contenderunt

399 2774 489 2804 cum
511 2773 569 2805 eo.
642 2758 705 2804 Et
728 2754 937 2817 foderunt
969 2765 1146 2818 puteum
1176 2755 1324 2813 alium,
1361 2756 1417 2805 &3
1440 2758 1579 2804 rixati
1612 2760 1740 2805 etiam
1759 2759 1892 2821 super
1921 2757 2008 2814 illo,
2045 2757 2101 2806 &
2124 2762 2304 2806 vocavit
2333 2777 2408 2808 no-

399 2840 490 2872 men
519 2823 634 2871 illius
658 2822 857 2870 sithnah.
929 2821 1166 2870 Foderunt
1200 2821 1313 2870 servi
1336 2822 1540 2884 jischaki
1575 2825 1622 2872 in
1654 2824 1786 2885 valle,
1824 2827 1874 2873 &
1912 2826 2180 2872 invenerunt
2221 2826 2284 2873 ibi
2321 2844 2410 2890 pu-

401 2902 527 2937 teum
561 2905 781 2954 aquarum
825 2890 1059 2947 vivarum,
1091 2889 1314 2953 fignificat
1335 2890 1546 2938 Verbum
1587 2892 1739 2955 quoad
1774 2890 1947 2939 sensum
1974 2891 2207 2949 literalem,
2244 2894 2289 2939 in
2314 2910 2410 2957 quo

388 2957 632 3004 internus:
675 2959 726 3003 &
761 2957 892 3003 rixati
931 2955 1034 3004 sunt
1068 2956 1263 3020 pastores
1296 2957 1478 3005 Geraris
1515 2974 1623 3005 cum
1657 2958 1908 3023 pastoribus
1933 2957 2152 3019 Jisch2ki‚
2189 2959 2411 3022 fignificat

401 3023 526 3086 quod
567 3023 779 3071 docentes
812 3039 906 3071 non
938 3024 1144 3071 viderent
1184 3022 1248 3070 ibi
1287 3024 1390 3082 tale,
1424 3026 1532 3088 quia
1566 3038 1781 3089 apparent
1810 3024 2040 3090 oppofita:
2078 3026 2289 3082 dicendo,
2327 3044 2412 3073 no·

402 3089 471 3135 bis
507 3090 912 3153 aquae,.-fignificat
944 3089 1072 3154 quod
1106 3089 1172 3137 illi
1213 3092 1259 3137 in
1298 3107 1409 3139 vero
1450 3092 1564 3140 sint:
1602 3093 1652 3140 ὅτ
1685 3095 1868 3140 vocavit
1910 3108 2077 3139 nomen
2117 3096 2242 3155 putei
2268 3093 2408 3149 Esek,

401 3155 508 3217 quia
545 3157 875 3205 contenderunt
904 3170 1014 3204 curn
1044 3173 1116 3213 eo,
1153 3156 1373 3221 fignificat
1399 3160 1692 3222 *negationem
1723 3159 1785 3207 ob
1809 3159 1901 3215 illa,
1937 3171 2037 3205 tum
2064 3159 2124 3206 ob
2148 3159 2245 3214 alia,
2283 3159 2411 3220 quod

402 3233 559 3269 contra
583 3221 701 3278 illos,
738 3223 787 3270 &
810 3223 873 3271 ob
893 3224 1056 3288 plura:
1092 3223 1158 3274 Et
1181 3222 1395 3274 foderunt
1422 3230 1618 3288 puteum
1658 3227 1814 3284 alium,
1852 3227 1900 3275 &
1940 3227 2070 3272 rixati
2110 3228 2242 3273 etiam
2281 3224 2411 3337 super

1410 3293 1456 3340 R
1493 3308 1516 3339 r
2314 3291 2344 3337 il
2364 3307 2423 3347 0,5
