2904 3750
516 220 742 305 386³
1023 213 1999 285 GENESIS.

500 344 773 408 Civitatem,
807 346 971 399 exinde
998 365 1102 398 vera
1129 349 1179 398 &
1209 349 1326 398 bona
1362 348 1484 414 apud
1523 348 1758 398 hominem
1793 348 2004 406 influunt,
2035 349 2092 398 ⁷&
2114 348 2237 414 apud
2261 344 2392 400 illum
2417 351 2508 402 dis·-

503 429 744 480 ponuntur
776 418 825 464 in
863 416 1056 465 similem
1093 415 1307 474 formam,
1344 417 1394 464 ὅτ
1416 418 1506 464 hoc
1529 433 1555 464 a
1575 416 1669 464 solo
1691 418 1933 471 Domino;
1970 415 2041 463 sed
2074 416 2162 464 hoc
2199 419 2439 480 quomodo
2470 417 2513 468 se

508 482 657 540 habet,
692 483 947 532 evidentius
970 482 1191 531 constabit
1217 499 1274 530 ex
1296 482 1702 548 Correspondentia
1725 477 1924 530 Maximi
1957 482 2172 540 hominis,
2208 485 2288 548 qui
2311 483 2375 531 est
2397 487 2512 534 Coe-

487 549 627 606 ‘·lum,
662 565 772 596 cum
798 549 1011 598 omnibus
1032 551 1083 597 δε
1106 549 1291 613 lingulis
1319 565 1427 613 quae
1450 549 1570 614 apud
1587 549 1821 597 hominem
1843 572 1857 605 ς
1895 549 1952 606 de
1975 565 2064 612 qua
2086 548 2515 614 Correspondentia,

507 631 566 662 ex
604 616 774 667 Divina
812 617 1004 663 Domini
1037 615 1363 672 Misericordia,
1414 617 1474 663 ad
1511 615 1653 663 finem
1690 617 1921 679 Capitum.
1993 615 2070 662 Ex
2107 616 2174 663 his
2211 632 2333 664 nunc
2366 629 2510 682 patet,

504 681 621 744 quid
646 682 907 729 Benedictio
920 681 1122 743 Jischaki
1145 682 1308 729 dietata
1325 682 1381 728 ad
1395 681 1640 743 Jacobum,
1676 681 1751 729 sed
1774 681 1996 729 intellecta
2018 682 2075 729 de
2091 682 2258 739 Esavo,
2296 684 2511 742 involvit,

546 748 638 795 uod
663 763 827 812 nempe
850 746 1247 795 fructificationem
1271 746 1378 795 boni
1406 763 1487 812 per
1516 747 1941 812 multiplicationem
1964 750 2075 806 veri,
2111 750 2162 796 &
2186 747 2320 813 hujus
2344 748 2510 799 iterum

531 814 919 862 ruftificationem.
1450 840 1453 842 -
1702 816 1705 818 ’
2282 834 2286 839 ·

507 879 1054 1010 diegggssacciigfsts'gffiaii
1068 879 2514 1017 aize{22225202‘3222232‘3352‘t212‘2efftzivssis‘izsz'ekpztz

498 1014 589 1076 sui,
625 1013 680 1061 ἐξ
703 1013 823 1074 Esau
851 1011 1000 1070 frater
1034 1013 1123 1075 ejus
1145 1014 1265 1059 venit
1287 1029 1310 1059 e
1328 1014 1553 1059 venatione
1563 1013 1664 1075 sua.
1735 1014 1799 1061 Et
1817 1013 1931 1074 fecit
1962 1014 2091 1060 etiam
2128 1016 2166 1063 is
2205 1015 2415 1076 cupedias,
2451 1016 2510 1065 69²

508 1078 689 1144 adduxit
720 1079 847 1140 patri
876 1078 973 1136 suo,
1023 1078 1080 1127 ὁὶ
1114 1078 1226 1125 dixit
1249 1080 1378 1139 patri
1396 1078 1494 1140 suo,
1519 1079 1680 1140 surgat
1710 1088 1843 1139 pater
1881 1095 2008 1135 meus,
2045 1079 2101 1128 &
2124 1079 2223 1127 edat
2245 1097 2267 1127 e
2287 1082 2513 1131 venatione

495 1143 590 1204 filii
600 1145 691 1207 sui,
722 1153 947 1205 propterea
970 1152 1019 1190 ut
1047 1143 1261 1191 benedicat
1290 1143 1397 1190 mihi
1419 1144 1563 1190 anima
1588 1153 1682 1190 tua.
1751 1144 1816 1190 Et
1845 1143 1956 1191 dixit
1995 1146 2034 1191 ei
2054 1145 2234 1207 Jischak
2250 1156 2382 1206 pater
2402 1148 2509 1209 ejus,

507 1212 600 1274 quis
625 1221 689 1267 tu,
724 1210 781 1259 ἐπ’
803 1210 930 1266 dixit,
966 1224 1038 1271 ego
1061 1209 1186 1268 filius
1223 1219 1322 1256 tuus
1351 1211 1658 1271 primogenitus
1697 1218 1797 1263 tuus
1820 1210 1952 1272 Esau.
2023 1211 2088 1257 Et
2124 1210 2294 1257 horruit
2324 1213 2510 1274 Jischak

506 1277 680 1324 horrore
701 1290 850 1338 magno
873 1276 997 1339 usque
1017 1275 1161 1332 valde,
1195 1275 1252 1323 &
1275 1275 1403 1332 dixit,
1439 1276 1531 1339 quis
1566 1276 1704 1337 igitur
1732 1275 1802 1322 ille
1832 1276 1907 1339 qui
1927 1285 2111 1323 venatus
2130 1278 2414 1335 venationem,
2449 1278 2508 1327 ἔθ’

505 1341 685 1390 adduxit
707 1343 829 1398 mihi,
863 1342 920 1390 δέ
943 1341 1010 1389 edi
1040 1342 1097 1388 ab
1133 1343 1243 1389 omni
1278 1351 1503 1405 antequam
1542 1341 1706 1401 venisti,
1742 1341 1797 1389 ἐξ
1821 1341 2010 1389 benedixi
2032 1343 2086 1398 ei,
2122 1344 2250 1390 etiam
2274 1342 2510 1392 benedictus

504 1411 600 1456 erit.
654 1410 778 1466 Fuit,
814 1407 1209 1471 quemadmodum
1233 1406 1421 1455 absolvit
1437 1406 1623 1468 Jischak
1647 1406 1908 1455 benedicere
1924 1407 2117 1468 Jacobo,
2153 1408 2378 1472 fignificat
2399 1425 2512 1458 cum

505 1472 767 1537 conjunctio
788 1476 934 1538 prima
958 1475 1017 1521 ita
1039 1472 1181 1522 faeta:
1218 1475 1268 1521 δε
1299 1472 1388 1521 fuit
1426 1485 1605 1521 tantum
1640 1474 1853 1521 exeundo
1891 1474 2037 1522 exivit
2059 1474 2205 1535 Jacob
2227 1491 2284 1522 ex
2306 1474 2507 1524 faciebus

504 1540 704 1600 Jischaki
745 1541 879 1604 patris
918 1540 999 1597 sui,
1036 1539 1256 1604 fignificat
1291 1540 1426 1587 status
1464 1540 1816 1603 progreffionem
1851 1539 1915 1595 ὅτ,
1938 1543 2268 1590 mutationem:
2315 1543 2364 1590 &
2387 1541 2506 1603 Esau

505 1604 639 1653 frater
671 1605 765 1669 ejus
789 1607 914 1654 venit
936 1623 960 1654 e
982 1607 1218 1654 venatione
1243 1604 1332 1661 sua,
1368 1606 1589 1668 fignificat
1612 1605 1724 1653 boni
1747 1621 1909 1653 verum
1930 1606 1980 1653 ὅτ
2000 1604 2097 1669 ejus
2120 1607 2367 1655 adventum
2389 1630 2405 1664 3
2440 1609 2507 1670 Et

494 1669 613 1734 ,fecit
641 1674 775 1719 etiam
806 1674 843 1720 is
868 1673 1082 1736 cupedias
1104 1672 1154 1719 δι
1180 1671 1370 1719 adduxit
1392 1673 1509 1734 patri
1531 1669 1628 1727 suo,
1664 1670 1884 1732 fignificat
1914 1671 2216 1719 defiderabilia
2240 1675 2289 1720 δε
2312 1673 2503 1721 delecta-

505 1737 807 1785 biliavDivino
829 1738 1053 1786 Rationali
1075 1755 1085 1784 :
1123 1738 1173 1784 ὅτ
1196 1737 1313 1783 dixit
1336 1738 1451 1800 patri
1484 1735 1580 1792 suo,
1616 1735 1769 1799 surgat
1792 1747 1915 1800 pater
1938 1750 2084 1794 meus,
2121 1739 2170 1785 &
2195 1738 2298 1785 edat
2320 1754 2346 1786 e
2368 1755 2506 1787 vena-

503 1804 626 1850 tione
650 1804 731 1850 filii
748 1801 829 1864 sui,
867 1803 1085 1866 fignificat
1106 1814 1158 1850 ut
1181 1803 1485 1866 appropriaret
1501 1802 1580 1849 fibi
1598 1801 1703 1857 boni
1729 1801 1938 1849 naturalis
1961 1808 2122 1849 verum
2141 1821 2153 1850 ε
2190 1817 2426 1868 propterea
2448 1818 2502 1853 ut

504 1868 736 1917 benedicat
758 1870 871 1919 mihi
894 1871 1042 1917 anima
1065 1881 1156 1926 tua,
1193 1869 1412 1931 fignificat
1433 1880 1485 1916 ut
1517 1865 1813 1931 conjungeret
1832 1886 1843 1915 ε
1880 1868 1945 1914 Et
1968 1868 2084 1915 dixit
2103 1868 2143 1914 ei
2167 1867 2351 1928 Jischak
2375 1883 2502 1932 pater

502 1932 614 1999 ejus,
639 1936 741 1999 quis
760 1947 828 1993 tu,
852 1937 899 1983 ὅτ
923 1935 1054 1992 dixit,
1078 1939 1166 1998 ego
1188 1934 1307 1982 filius
1331 1947 1434 1982 tuus
1465 1935 1798 1997 primogenitus
1821 1945 1926 1980 tuus
1940 1933 2074 1990 Esau,
2100 1933 2320 1996 fignificat
2335 1933 2501 1988 statum

502 2003 801 2066 perceptionis
824 2002 880 2049 de
898 2004 1028 2049 Bono
1050 2001 1236 2048 naturali
1259 2002 1309 2048 &
1326 2001 1451 2048 Vero
1474 2000 1606 2047 inde:
1643 2000 1708 2046 Et
1731 1998 1905 2046 horruit
1919 1997 2103 2060 Jischak
2125 2000 2307 2051 horrore
2330 2016 2502 2066 magno
2555 2027 2570 2044 ,

503 2067 642 2130 usque
678 2068 824 2125 valde,
873 2067 1093 2131 fignificat
1129 2067 1434 2114 alterationem
1474 2080 1686 2128 magnam
1734 2066 1851 2112 circa
1891 2065 2027 2112 status
2065 2066 2393 2116 inversionem:
2447 2070 2501 2116 δε

503 2133 635 2189 dixit,
671 2135 772 2197 quis
807 2135 948 2197 igitur
985 2133 1058 2179 ille
1099 2134 1178 2196 qui
1208 2145 1395 2179 venatus
1417 2132 1704 2178 venationem
1728 2132 1777 2179 δε
1803 2130 1994 2178 adduxit
2018 2131 2148 2187 mihi,
2184 2132 2405 2194 fignificat
2427 2136 2498 2181 in-

501 2200 785 2262 quifitionem
808 2201 863 2246 de
887 2199 966 2246 illo
989 2214 1126 2246 vero:
1164 2198 1213 2245 δε
1250 2198 1324 2245 edi
1361 2197 1417 2245 ab
1455 2198 1583 2244 omni
1616 2209 1858 2260 antequam
1894 2196 2071 2253 venisti,
2108 2195 2339 2261 fignificat
2367 2201 2495 2263 quod

500 2267 869 2329 appropriatum:
922 2265 973 2313 ὅτ
1013 2264 1220 2311 benedixi
1256 2265 1314 2322 ei,
1362 2265 1497 2312 etiam
1534 2262 1795 2311 benedictus
1827 2264 1927 2320 erit,
1963 2263 2184 2327 fignificat
2217 2265 2346 2328 quod
2385 2281 2496 2314 con-

503 2329 722 2379 'unctum

491 2348 512 2394 J
571 2399 711 2461 3586.
748 2396 813 2444 Et
851 2395 954 2454 fuit,
989 2396 1386 2461 quemadmodum
1425 2394 1617 2444 absolvit
1639 2394 1826 2457 jischak
1859 2394 2120 2443 benedicere
2143 2396 2334 2457 Jacobo,
2369 2398 2497 2462 quod

500 2463 721 2526 significet
742 2479 851 2510 cum
876 2461 1134 2527 conjunctio
1158 2464 1302 2526 prima
1326 2464 1388 2510 ita
1419 2461 1547 2520 facta,
1584 2461 1754 2510 constat
1780 2478 1837 2509 ex
1865 2462 2187 2527 significatione
2220 2462 2498 2523 benedicere,

499 2530 625 2593 quod
665 2530 718 2576 fit
756 2526 1032 2590 conjunctio,
1067 2529 1126 2575 de
1160 2545 1252 2592 qua
1287 2528 1418 2593 supra
1456 2544 1518 2575 n:
1547 2545 1690 2592 3504.
1727 2535 1868 2592 3514.
1898 2546 2042 2592 3530.
2069 2529 2212 2591 3565.
2235 2534 2397 2592 35843
2433 2530 2495 2577 ita

500 2595 892 2658 quemadmodum
932 2594 1119 2642 absolvit
1160 2594 1435 2651 benedicere,
1477 2594 1606 2656 quod
1645 2594 1700 2646 fit
1737 2610 1847 2641 cum
1873 2593 2147 2658 'conjunctio
2184 2592 2314 2650 facta,
2366 2595 2495 2657 quod

500 2663 647 2724 prima
669 2659 802 2707 fuerit
825 2676 932 2706 cum
949 2660 1090 2715 Vero,
1124 2659 1251 2723 quod
1275 2658 1613 2723 repraesentatur
1632 2654 1721 2721 per·
1737 2659 1981 2721 Jacobum,
2016 2673 2073 2705 ex
2095 2659 2200 2715 illis,
2235 2674 2342 2721 quae
2365 2660 2494 2723 supra

501 2727 619 2774 dieta
642 2725 758 2781 sunt,
793 2738 930 2788 patet.

570 2799 595 2855 '3
604 2797 711 2855 587.
748 2791 812 2837 Et
837 2791 859 2836 f
858 2792 922 2837 uit
946 2802 1124 2838 tantum
1147 2791 1354 2845 exeundo
1376 2790 1517 2836 exivit
1541 2789 1686 2850 jacob
1716 2804 1773 2836 ex
1803 2786 1999 2836 faciebus
2021 2787 2222 2849 Jischaki
2244 2789 2381 2852 patris
2407 2789 2488 2848 sui,

499 2859 625 2923 quod
660 2856 877 2920 significet
899 2856 1031 2902 status
1057 2857 1409 2918 progreffionem
1431 2855 1481 2901 &
1508 2857 1826 2911 mutationem,
1862 2854 2033 2902 constat
2072 2869 2129 2900 ex
2166 2854 2491 2917 fignificatione

421 2952 436 2967 s
498 2924 707 2973 exeundo
738 2924 856 2969 exire
889 2938 912 2968 a
935 2919 1146 2978 faciebus,
1182 2922 1308 2983 quod
1344 2921 1398 2967 fit
1419 2936 1543 2966 ‘curn
1580 2920 1674 2976 illa,
1708 2935 1814 2983 quae
1838 2935 1918 2982 per
1934 2918 2158 2979 Jacobum
2184 2921 2490 2982 repraesentata

499 2993 615 3049 sunt,
651 2989 888 3043 desierunt,
926 2988 985 3046 ita
1019 3002 1128 3033 cum
1164 2986 1297 3033 status
1334 2998 1551 3041 mutatuS,
1588 3001 1691 3032 nam
1734 3001 1853 3031 nunc
1889 2985 1946 3031 de
1980 2985 2129 3032 Esavo
2167 2989 2331 3048 agitur,
2365 2989 2490 3036 &in

498 3059 621 3105 sensu
658 3057 833 3102 interno
867 3053 923 3100 de
960 3052 1082 3100 bono
1103 3051 1347 3108 Naturalis,
1381 3050 1621 3115 quomodo
1657 3050 1746 3098 hoc
1782 3050 1937 3115 prodit
1973 3066 2030 3097 ex
2068 3051 2249 3108 intimo,
2285 3064 2336 3099 ut
2359 3051 2489 3118 supra

494 3125 692 3178 dietum,
729 3120 858 3184 seque
882 3117 1144 3178 manifestat,
1181 3119 1231 3168 ὅτ
1253 3117 1402 3169 exacta
1421 3133 1502 3183 per
1530 3116 1831 3169 ministerium
1852 3116 1949 3167 veri
1987 3114 2302 3167 reformatione
2336 3119 2488 3168 domi-

498 3194 625 3239 nium
649 3186 793 3237 habet.

682 3256 685 3260 ’
2341 3253 2484 3314 3588.
