2904 3750
469 243 601 306 442
984 181 1949 286 GENESJS.

464 341 748 389 affectionem
782 336 974 386 faciendi
1012 337 1113 385 illa:
1151 335 1468 398 consequenter
1500 344 1612 381 tunc
1645 332 1788 389 videt,
1825 331 1952 396 quod
1988 348 2094 380 vera
2132 333 2334 386 infantiae
2373 336 2470 403 ejus

465 406 633 455 fuerint
657 405 826 454 inversa
850 404 1105 468 respective,
1141 404 1188 450 &
1214 400 1341 465 quod
1364 399 1520 448 eadem
1544 399 1780 465 paullatim
1813 401 1861 447 in
1882 398 2023 447 alium
2057 400 2269 450 ordinem
2293 404 2470 453 redacta

466 473 568 530 sint,
604 473 770 536 nempe
792 471 872 519 fibi
906 483 1071 518 mutuo
1104 468 1403 524 subordinata,
1430 468 1500 514 :ita
1522 466 1650 530 quod
1674 482 1780 529 quae
1813 467 1952 529 priori
1987 465 2091 514 loco
2105 470 2330 580 fprimum
2369 470 2466 519 fue-

466 553 589 596 runt,
626 556 747 587 nunc
781 539 863 586 smt
889 538 992 585 loco
1016 534 1280 600 posteriori3
1318 534 1377 581 sic
1400 533 1528 597 quod
1558 549 1639 596 per
1671 533 1745 579 illa
1768 548 1888 590 vera,
1925 549 2032 596 quae
2056 535 2101 581 in
2124 537 2259 583 antiae
2282 537 2332 584 ὅτ
2355 554 2467 601 pue-

467 608 582 654 ritiae
605 605 699 668 ejus
734 603 936 661 fuerunt,
973 601 1139 664 Angeli
1164 602 1255 648 Dei
1286 599 1399 647 ficut
1431 616 1511 664 per
1531 598 1691 647 scalam
1714 616 1738 646 a
1759 611 1873 647 terra
1895 600 1951 646 ad
1977 600 2150 648 coelum
2175 603 2467 662 ascenderint,

467 673 541 719 sed
578 672 873 736 postmodum
913 686 993 734 per
1029 683 1133 715 vera
1166 683 1272 729 quae
1312 665 1407 728 ejus
1445 666 1613 714 adultae
1644 667 1786 714 aetatis
1826 665 1928 714 sunt
1949 667 2121 730 Angeli
2143 670 2232 717 Dei
2253 670 2366 717 ficut
2387 687 2468 735 per

467 739 624 787 scalam
649 756 672 786 a
696 739 818 785 coelo
852 738 907 783 ad
932 749 1091 782 terram
1118 732 1401 781 descendant.

535 821 676 870 3702.
714 805 777 852 Et
811 819 912 850 ecce
933 800 1138 862 Jehovah
1178 800 1292 847 stans
1333 799 1461 862 super
1500 798 1591 852 illa,
1626 798 1753 862 quod
1786 798 2006 862 significet
2029 801 2287 850 Dominum
2322 804 2366 850 in
2394 803 2465 850 su·
2528 820 2531 821 ⁷

464 887 641 935 premo,
678 869 875 928 constare
914 866 1060 931 potest
1095 882 1153 913 ex
1187 883 1258 923 eo,
1295 866 1421 929 quod
1443 865 1651 926 Jehovah
1690 866 1821 912 toties
1858 867 1904 912 in
1927 867 2280 916 VerbosVeteris
2305 869 2475 918 Testa-⁷

467 940 607 985 menti
647 938 903 984 nominatus
941 934 993 980 fit
1017 934 1264 989 Dominus,
1299 932 1506 979 videatur
1546 949 1607 979 n:
1638 932 1775 996 1736.
1804 949 1945 996 3023.
1974 950 2133 997 30353
2169 935 2218 982 &
2253 937 2381 999 quod
2416 939 2464 986 in
2516 980 2521 986 ,

465 1005 620 1052 Verbo
642 1005 769 1051 Novi
793 993 1072 1049 Testamenti
1104 999 1262 1046 nullibi
1287 998 1463 1061 dicatur
1486 998 1710 1059 Jehovah‚
1746 996 1820 1045 sed
1857 1015 1942 1062 pro
1970 1000 2177 1061 Jehovah
2213 1003 2463 1063 Dominus,

466 1088 526 1119 n:
555 1088 674 1134 2921
702 1092 715 1125 3
751 1068 877 1132 quod
913 1067 1022 1114 stare
1059 1065 1187 1130 super
1224 1065 1313 1122 illa,
1350 1065 1404 1112 fit
1435 1065 1520 1112 effe
1554 1065 1599 1111 in
1627 1064 1854 1128 supremo,
1891 1066 2062 1113 constat
2083 1066 2246 1131 absque
2268 1068 2465 1133 explica-
2524 1080 2538 1088 ‘

464 1138 596 1184 tione.
668 1137 921 1191 Arcanum,
957 1133 1084 1196 quod
1124 1133 1170 1179 in
1210 1131 1332 1179 sensu
1372 1133 1549 1178 interno
1586 1131 1752 1178 horum
1789 1131 2037 1180 verborum
2077 1133 2200 1190 latet,
2235 1134 2298 1181 est
2334 1137 2466 1199 quod

464 1205 617 1250 omnia
653 1202 769 1249 bona
808 1203 856 1248 ὅτ
896 1216 1002 1246 vera
1032 1216 1055 1246 a
1086 1200 1295 1246 Domino
1333 1196 1622 1255 descendant,
1657 1197 1706 1244 &
1731 1196 1788 1244 ad
1808 1196 1963 1260 Ipsum
1984 1197 2235 1256 ascendant,
2271 1199 2359 1248 hoc
2382 1202 2465 1260 est,

462 1270 587 1331 quod
613 1269 664 1316 sit
687 1269 868 1315 Primus
893 1267 942 1314 &
966 1266 1208 1321 Ultimus3
1246 1281 1352 1313 nam
1394 1267 1455 1312 i'ta
1493 1277 1667 1312 creatus
1704 1262 1770 1311 est
1807 1264 1967 1321 homo,
2003 1275 2056 1312 ut
2078 1265 2249 1314 Divina
2272 1267 2466 1317 Domini

462 1351 543 1397 per
565 1335 695 1382 illurn
720 1334 987 1382 descendant
1019 1332 1158 1397 usque
1190 1332 1247 1379 ad
1275 1332 1436 1379 ultima
1465 1342 1653 1388 naturae,
1689 1332 1739 1378 &
1763 1330 1820 1378 ab
1842 1329 2017 1379 ultimis
2039 1343 2212 1380 naturae
2233 1333 2292 1381 ad
2308 1334 2465 1398 Ipsum

460 1401 712 1459 ascendant,
749 1401 806 1449 fic
831 1413 882 1448 ut
904 1400 1047 1448 homo
1068 1400 1172 1447 esset
1202 1398 1410 1446 medium
1441 1399 1600 1445 uniens
1625 1398 1784 1444 Divini
1820 1413 1930 1446 cum
1965 1410 2138 1446 naturae
2177 1400 2372 1460 mundo,
2407 1403 2462 1451 ὅτ

458 1469 616 1515 uniens
653 1468 813 1516 mundi
848 1479 1019 1514 naturae
1052 1481 1160 1513 cum
1183 1466 1375 1522 Divino,
1427 1465 1478 1512 ὅτ
1512 1464 1573 1511 fic
1609 1479 1692 1527 per
1734 1463 1988 1522 hominem,
2040 1477 2093 1512 ut
2129 1481 2210 1530 per
2254 1468 2463 1518 medium

459 1535 633 1591 uniens,
670 1533 817 1597 ipsum
855 1534 1073 1581 ultimum
1114 1544 1286 1580 naturae
1324 1538 1382 1579 e'x
1412 1531 1590 1578 Divino
1623 1531 1817 1588 viveret,
1852 1531 1983 1594 quod
2006 1529 2139 1589 foret,
2175 1532 2208 1580 fi
2229 1533 2374 1583 homo
2397 1534 2461 1584 se·

458 1600 663 1647 cundum
688 1602 894 1647 ordinem
916 1600 1144 1646 Divinum
1167 1597 1372 1645 vixiffet:
1409 1597 1538 1660 quod
1569 1598 1631 1644 ita
1663 1609 1835 1644 creatus
1857 1598 1911 1644 fit
1933 1598 2093 1656 homo,
2129 1611 2254 1663 patet
2291 1617 2347 1649 ex
2382 1618 2458 1662 eo,

459 1666 584 1727 quod
604 1666 675 1712 ille
690 1666 843 1729 quoad
866 1681 1030 1728 corpus
1053 1664 1185 1711 suum
1210 1664 1264 1710 fit
1286 1663 1501 1726 parvulus
1526 1662 1743 1719 mundus,
1779 1664 1934 1710 omnia
1954 1665 2078 1713 enim
2103 1677 2276 1720 naturae
2295 1669 2465 1718 *mundi

456 1747 609 1778 arcana
633 1733 679 1778 in
703 1732 782 1780 illo
805 1731 992 1794 reposita
1021 1729 1138 1787 sunt,
1173 1728 1396 1793 quicquid
1419 1729 1543 1775 enim
1565 1729 1714 1775 arcani
1736 1727 1800 1775 est
1823 1730 1868 1774 in
1893 1729 2058 1776 aethere
2079 1730 2130 1776 &
2152 1729 2247 1794 eJus
2269 1733 2457 1782 modifi-

458 1797 721 1854 cationibus,
758 1797 843 1844 hoc
875 1796 1120 1859 repositum
1150 1794 1294 1843 estin
1319 1794 1471 1852 oculo,
1508 1795 1556 1842 ὅτ
1579 1793 1803 1857 quicquid
1825 1795 1873 1841 in
1909 1810 2021 1852 aere,
2057 1794 2214 1844 hocin
2237 1813 2368 1855 aere3
2403 1800 2456 1848 &

457 1863 677 1927 quicquid
707 1862 924 1910 invisibile
954 1862 1100 1909 fluitat
1133 1861 1182 1909 ὅτ
1213 1862 1306 1924 agit
1338 1862 1384 1908 in
1410 1876 1523 1917 aere,
1560 1860 1648 1922 hoc
1672 1861 1719 1907 in
1742 1875 1914 1923 organo
1946 1861 2162 1908 odoratus
2198 1864 2282 1910 ubi
2308 1868 2455 1927 perci·-

453 1931 593 1992 pitur‚
629 1930 679 1977 ὅτ
713 1929 934 1993 quicquid
973 1927 1194 1975 invisibile
1230 1929 1277 1974 in
1312 1928 1442 1990 aquis
1480 1927 1530 1974 ὅτ
1564 1926 1748 1989 reliquis
1784 1926 1956 1982 fluidis,
1990 1926 2038 1973 in
2074 1943 2248 1990 organo
2277 1929 2458 1993 gustuS,

454 1997 592 2043 etiam
626 1995 733 2059 ipsae
773 1995 1042 2043 mutationes
1080 1994 1234 2051 status,
1278 1995 1326 2040 in
1361 1991 1484 2040 sen'su
1517 1993 1662 2040 taetus
1696 1991 1876 2046 ubivis3
1911 2003 2078 2055 praeter
2098 1994 2225 2057 quod
2246 2010 2353 2059 quae
2375 1997 2457 2046 ad-

455 2061 544 2110 huc
586 2063 731 2125 magis
768 2062 997 2110 recondita
1035 2059 1153 2117 funt,
1188 2063 1525 2125 perciperentur
1547 2059 1593 2105 in
1617 2058 1795 2121 organis
1834 2056 1930 2122 ejus
1965 2059 2267 2119 interioribus,
2303 2063 2336 2110 fi
2361 2064 2455 2112 vita

454 2126 548 2197 ejus
583 2126 699 2176 foret
730 2127 979 2176 secundum
1003 2127 1243 2182 ordinem,
1280 2126 1385 2173 inde
1418 2136 1558 2188 patet,
1593 2124 1720 2188 quod
1755 2123 1987 2172 descensus
2019 2126 2183 2174 Divini
2222 2127 2340 2176 foret
2370 2146 2457 2195 per

448 2194 691 2242 'hominem
715 2196 761 2241 in
785 2195 1004 2242 ultimum
1030 2205 1217 2250 naturae,
1254 2192 1303 2239 ὅτ
1323 2192 1383 2238 ab
1411 2191 1580 2238 ultimo
1617 2203 1791 2239 naturae
1829 2190 2026 2238 ascensus
2061 2193 2116 2240 ad
2140 2193 2385 2253 Divinum,
2421 2197 2456 2244 fi

456 2262 599 2309 modo
621 2262 899 2316 Dominum,
935 2272 987 2306 ut
1010 2258 1140 2306 suum
1165 2258 1304 2305 finem
1330 2257 1569 2306 Ultimum
1593 2257 1870 2305 &Primum
1893 2257 2150 2320 agnosceret
2172 2259 2263 2308 fide
2278 2263 2455 2320 ‘cord-iz,

434 2327 540 2375 'hoc
579 2326 658 2383 efst,
695 2343 861 2374 amore.
932 2326 983 2373 In
1024 2326 1100 2373 tali
1140 2324 1252 2372 statu
1291 2323 1475 2372 fuerunt
1501 2324 1831 2390 Antiquiffimi,
1882 2322 1963 2387 qui
2006 2324 2209 2373 coelestes
2243 2326 2454 2377 homines

453 2393 652 2450 fuerunt,
689 2409 792 2440 narn
817 2392 1038 2456 quicquid
1062 2392 1127 2439 illi
1151 2392 1306 2454 aliquo
1330 2390 1454 2439 sensu
1487 2390 1736 2454 capiebant,
1773 2390 1860 2438 hoc
1884 2389 1973 2438 fuit
2004 2390 2093 2439 il'lis
2129 2393 2334 2441 medium
2372 2410 2450 2443 co-

454 2460 629 2523 gitandi
653 2459 709 2506 de
733 2460 819 2506 illis
844 2475 950 2522 quae
979 2458 1081 2506 sunt
1103 2459 1314 2515 Domini,
1350 2459 1414 2505 ita
1436 2458 1493 2505 de
1515 2458 1723 2504 Domino
1746 2457 1796 2504 ὅτ
1820 2457 1878 2504 de
1901 2456 2043 2521 Ipfius
2067 2459 2251 2521 Regno,
2280 2459 2455 2524 jucun-

454 2526 569 2572 dum
593 2526 718 2588 quod
737 2541 796 2572 ex
830 2525 1071 2572 mundanis
1094 2526 1141 2572 ὅτ
1166 2523 1440 2572 terrestribus
1463 2523 1714 2587 capiebant,
1749 2521 1837 2571 fuit
1860 2524 1966 2571 inde
1988 2524 2200 2574 videatur
2220 2543 2278 2574 n:
2309 2545 2448 2594 1409.

459 2591 599 2656 2896.
617 2596 758 2656 2897.
778 2607 903 2655 2995
926 2613 940 2646 3
977 2594 1073 2637 imo
1095 2592 1229 2638 etiarn
1254 2607 1363 2637 cum
1388 2591 1448 2637 ita
1470 2602 1643 2637 naturae
1675 2587 1883 2637 inferiora
1913 2591 1962 2637 ὅτ
1985 2591 2148 2638 ultima
2169 2594 2454 2657 contempla·

458 2669 626 2712 rentur,
662 2657 929 2719 apparebant
952 2656 1025 2703 illa
1048 2672 1202 2703 coram
1242 2656 1384 2704 oculis
1421 2671 1583 2703 eorum
1615 2655 1730 2709 ficut
1750 2657 1972 2712 viverent,
2007 2672 2113 2703 nam
2136 2659 2247 2714 vita,
2283 2674 2339 2705 ex
2361 2674 2451 2721 qua

458 2722 805 2778 descendebant,
857 2733 948 2768 erat
986 2723 1032 2767 in
1069 2737 1228 2768 eorum
1272 2720 1370 2768 visu
1414 2722 1589 2768 interno
1629 2722 1679 2768 &
1719 2722 2021 2784 perceptione,
2069 2722 2117 2768 ὅτ
2156 2738 2263 2785 quae
2307 2725 2450 2772 oculis

457 2804 617 2835 eorum
657 2787 913 2834 fistebantur
949 2799 1074 2834 erant
1110 2787 1222 2834 ficut
1259 2788 1476 2848 imagines
1514 2786 1632 2833 illius
1663 2787 1790 2842 vitae,
1824 2802 1931 2849 quae
1964 2786 2138 2833 tametsi
2171 2789 2450 2848 inanimatae,

459 2853 598 2917 usque
637 2853 721 2899 illis
754 2852 1062 2899 animabantur
1093 2854 1183 2906 ita·,
1220 2853 1356 2898 talem
1396 2853 1734 2914 perceptionem
1771 2852 1935 2897 habent
1970 2851 2172 2898 coelestes
2210 2855 2356 2917 angeli
2391 2856 2449 2904 de

460 2918 672 2966 omnibus
696 2919 782 2965 ill-is
811 2934 916 2980 quae
949 2916 1202 2964 inmundo
1234 2917 1353 2972 sunt,
1388 2917 1513 2979 quod
1538 2916 1698 2978 saepius
1721 2918 1947 2978 percipere
1970 2917 2146 2973 datum,
2182 2921 2316 2967 etiam
2341 2922 2448 2970 inde

459 2986 593 3032 talem
625 2985 961 3048 vperceptionem
997 2983 1158 3032 habent
1195 2981 1399 3038 infantes,
1436 2982 1641 3028 videatur
1664 2997 1724 3028 n:
1754 2997 1895 3045 2297.
1924 2988 2047 3047 2298
2071 3004 2088 3038 ;
2121 2985 2282 3033 exinde
2306 3000 2450 3050 patet,

461 3052 611 3114 quales
635 3051 750 3107 sunt,
787 3066 866 3113 per
888 3065 1002 3112 quos
1023 3050 1194 3095 Divina
1217 3049 1409 3095 Domini
1438 3047 1712 3094 descendunt
1736 3046 1873 3110 usque
1897 3048 1952 3094 ad
1984 3049 2143 3103 ultima
2172 3064 2359 3109 naturae,
2392 3055 2446 3103 &

459 3117 516 3164 ab
545 3117 715 3165 ultimis
755 3128 927 3162 naturae
963 3116 1016 3162 ad
1048 3114 1200 3178 Ipsum
1241 3113 1498 3169 ascendunt,
1535 3115 1581 3160 ὅτ
1608 3113 1920 3176 repraesentant
1944 3114 2160 3164 Divinam
2186 3123 2448 3168 communi-

458 3180 682 3232 cationem
720 3183 769 3231 &
794 3182 897 3230 inde
920 3179 1303 3245 conjunffionem,
1338 3194 1445 3244 quae
1467 3182 1515 3227 in
1538 3178 1661 3228 sensu
1684 3179 1900 3243 supremo
1929 3180 2205 3245 significatur
2240 3201 2321 3249 per
2343 3189 2445 3233 An-

1611 3277 1614 3282 ·
2326 3252 2452 3315 gelos

611 3360 629 3387 V
