2872 3730
465 238 552 315 84
684 305 687 307 μ
966 229 1030 297 G
1124 229 1186 297 E
1277 231 1363 297 N
1449 232 1511 302 E
1608 229 1659 298 S
1751 228 1798 296 1
1886 230 1952 296 s.

867 543 1319 605 SENSUS
1392 542 2081 604 INTERNUS.

476 704 618 753 2903.
753 690 923 738 ERS:
955 708 993 739 1.
1044 691 1107 738 Et
1134 690 1318 753 fuerunt
1349 690 1457 736 vitae
1480 690 1614 745 Sarae,
1650 698 1813 737 centum
1852 690 1955 736 anni
1987 688 2044 738 ἐξ
2080 691 2242 752 viginti
2281 692 2384 738 anni
2415 691 2472 740 &

775 757 935 819 septem
966 758 1085 812 anni,
1135 757 1240 803 anni
1281 757 1474 802 vitarum
1513 757 1644 802 Sarae.
1717 755 1922 803 Fuerunt
1943 754 2053 803 vitae
2078 756 2215 813 Sarae,
2251 756 2473 819 fignificat

474 831 682 883 tempora
720 821 770 869 δε
808 823 946 869 status
986 821 1197 869 Ecclefiae
1235 821 1388 885 quoad
1426 837 1532 869 vera
1566 821 1737 868 Divina
1769 821 1850 884 qui
1882 821 2226 885 praecefferunt:
2264 824 2468 872 Centum

475 888 579 933 anni
612 888 659 933 δε
684 888 851 950 viginti
890 889 991 935 anni
1031 889 1080 935 &
1119 888 1290 952 septem
1328 888 1450 944 anni,
1484 887 1707 950 fignificat
1745 887 2076 951 plenitudinem
2115 888 2327 937 illorum:
2365 890 2470 937 anni

462 953 676 1016 ¹vitarum
700 954 837 1010 Sarae,
874 954 1093 1018 significat
1108 970 1224 1007 *cum
1248 954 1419 1017 aliquid
1442 969 1603 1000 verum
1627 952 1856 1001 Divinum
1879 954 1927 1000 in
1949 965 2066 1002 terra
2088 955 2336 1018 superesset.

544 1035 688 1082 2904.
725 1021 928 1067 Fuerunt
966 1021 1076 1067 vitae
1111 1021 1250 1075 Sarae,
1298 1019 1426 1083 quod
1471 1019 1695 1082 significet
1737 1031 1943 1084 tempora
1989 1021 2038 1068 δε
2081 1020 2218 1068 status
2250 1021 2469 1069 Ecclefiae

475 1085 627 1146 quoad
664 1100 767 1132 vera
791 1086 959 1132 Divina
995 1086 1076 1147 qui
1115 1084 1447 1147 praecesserunt,
1482 1084 1680 1132 constare
1703 1085 1850 1148 potest
1872 1102 1898 1132 a
1917 1085 2245 1149 significatione
2271 1088 2472 1134 vitarum
2512 1098 2517 1105 ·

474 1149 566 1206 hic,
602 1151 652 1197 ὅτ
691 1167 715 1197 a
755 1150 1140 1214 repraesentatione
1176 1151 1336 1205 Sarae3
1368 1150 1494 1196 Vitae
1517 1149 1610 1206 hic,
1645 1153 1752 1213 quia
1789 1151 1988 1214 spe&ant
2026 1163 2209 1199 aetatem
2241 1153 2292 1199 &
2329 1154 2478 1200 aetatis

473 1216 704 1279 periodOS,
740 1233 906 1280 nempe
947 1214 1198 1274 infantiam,
1232 1213 1594 1271 adolescentiam,
1628 1214 1831 1262 adultam
1867 1227 2070 1271 aetatem,
2106 1218 2156 1264 ὅτ
2179 1215 2482 1274 Γεηεὲὶυτεῑῃ,

474 1280 729 1344 significant
751 1283 904 1339 status,
940 1283 1053 1330 ficut
1074 1283 1230 1330 omnia
1251 1293 1459 1344 tempora
1481 1283 1528 1328 in
1551 1281 1807 1339 communi,
1841 1281 2049 1328 videatur
2071 1298 2130 1329 n:
2159 1282 2300 1344 2625.
2329 1287 2472 1348 2788.

476 1352 623 1411 2837,
660 1349 710 1394 &
745 1350 850 1412 quia
893 1350 1042 1411 agitur
1081 1349 1130 1396 in
1167 1346 1452 1411 sequentibus
1488 1347 1545 1395 de
1567 1346 1783 1404 Ecclesia,
1819 1346 1923 1394 ideo
1946 1348 2058 1395 vitae
2081 1347 2335 1412 significant
2356 1362 2474 1397 tem-

473 1428 585 1477 pora
607 1414 656 1460 δε
682 1413 818 1462 status
841 1414 1056 1463 Ecclefiae
1077 1437 1091 1470 3
1127 1414 1256 1478 quod
1280 1413 1415 1462 Sarah
1447 1413 1501 1461 fit
1523 1414 1701 1461 Verum
1723 1414 1971 1470 Divinum,
2007 1413 2217 1462 videatur
2240 1431 2269 1463 n
2289 1433 2300 1463 :
2332 1417 2474 1476 1468.

480 1497 620 1543 1901.
650 1481 791 1545 2063.
820 1497 961 1545 2172.
989 1497 1131 1545 2173.
1160 1485 1303 1545 2198.
1331 1496 1480 1544 2507,
1515 1479 1622 1526 inde
1654 1479 1870 1543 sequitur,
1905 1479 2033 1541 quod
2061 1479 2135 1527 hic
2157 1479 2476 1543 per‚‘fuerunt

476 1546 585 1591 vitae
609 1545 744 1603 Sarae,
780 1549 827 1593 in
867 1545 990 1593 sensu
1029 1547 1205 1593 interno
1243 1544 1555 1607 fignificentur
1588 1556 1797 1607 tempora
1833 1545 1884 1591 &
1923 1543 2061 1590 status
2084 1546 2299 1604 Ecclefiae
2321 1548 2474 1609 quoad

476 1625 581 1657 vera
601 1611 772 1659 Divina
791 1613 872 1675 qui
895 1611 1222 1674 praecefferunt.
1292 1610 1440 1667 Quod
1465 1609 1618 1666 Sarah,
1653 1624 1761 1656 cum
1792 1608 1908 1655 vixit
1944 1624 2061 1656 uxor
2084 1610 2369 1668 Abrahamo‚
2405 1629 2474 1660 re—

476 1674 815 1739 praesentaverit
836 1678 1065 1725 Divinum
1088 1677 1265 1724 Verum
1304 1676 1500 1723 Domini
1537 1671 1835 1738 conjunctum
1868 1674 2046 1722 Divino
2066 1677 2199 1724 Bono
2221 1676 2380 1741 lpfius,
2416 1694 2474 1726 ex

478 1743 588 1790 locis
611 1743 757 1790 citatis
780 1743 927 1791 videri
959 1741 1105 1806 potest
1124 1765 1140 1798 ·,
1183 1744 1233 1790 ὅτ
1258 1742 1365 1806 quia
1385 1741 1613 1791 Divinum
1635 1741 1812 1790 Verum
1833 1741 2044 1798 Domini,
2080 1742 2141 1789 ita
2163 1759 2348 1807 quoque
2382 1744 2473 1809 fig·
2493 1769 2495 1771 ·

477 1808 630 1856 nificat
648 1809 824 1858 Verum
849 1810 1078 1864 Divinum
1100 1808 1331 1866 Ecclefiae‚
1368 1823 1474 1855 narn
1509 1809 1557 1855 in
1584 1806 1785 1856 Ecclesia
1822 1822 1917 1854 non
1960 1806 2083 1855 aliud
2105 1809 2284 1857 Verum
2322 1811 2473 1869 datur,

476 1891 617 1939 quarn
659 1876 786 1939 quod
824 1875 888 1923 est
925 1875 1155 1931 Domini;
1190 1875 1365 1923 Verum
1404 1874 1533 1938 quod
1577 1890 1669 1921 non
1709 1871 1766 1920 ab
1802 1873 1922 1937 Ipso,
1959 1888 2053 1921 non
2091 1872 2155 1922 est
2188 1890 2385 1932 verum·,
2419 1890 2474 1926 ut
2538 1879 2546 1885 ’
2600 1866 2602 1871 ,

477 1957 661 2005 quoque
686 1957 712 1989 a
732 1942 888 1990 Verbo
925 1944 974 1990 &
1013 1942 1118 1989 inde
1154 1942 1374 1989 Doetrina
1411 1940 1518 1988 fidei
1558 1939 1746 1997 constat,
1780 1956 1838 1987 ex
1860 1939 2016 1987 Verbo
2049 1940 2173 2004 apud
2196 1940 2475 2003 Johannem,

481 2013 515 2034 ‘⁴
538 2008 650 2055 Non
686 2008 833 2072 potest
869 2010 1010 2056 homo
1047 2007 1217 2056 sumere
1248 2008 1513 2072 quicquam,
1549 2006 1630 2053 nifi
1652 2005 1706 2054 fit
1727 2005 1887 2053 datum
1909 2005 1976 2052 illi
1999 2020 2024 2053 e
2047 2007 2220 2072 coelo,'?
2249 2020 2312 2055 111
2336 2026 2346 2056 :
2375 2025 2435 2073 27
2457 2028 2471 2057 ε

481 2076 530 2120 δε
556 2074 676 2130 alibi,
714 2080 747 2101 “
772 2076 878 2122 Sine
902 2076 986 2122 Me
1010 2091 1102 2122 non
1126 2074 1308 2141 potestis
1332 2073 1473 2121 faeere
1496 2073 1796 2136 quicquam‚''
1820 2087 1914 2121 xv:
1943 2088 1970 2134 5
1993 2093 2008 2128 3
2043 2088 2101 2120 ex
2122 2073 2326 2121 doetrina
2347 2071 2476 2132 fidei,

481 2141 608 2203 quod
632 2157 768 2188 omne
791 2141 898 2188 fidei
921 2158 944 2188 a
967 2142 1190 2197 Domino,
1226 2141 1312 2188 hoc
1342 2140 1423 2196 est,
1458 2156 1594 2187 omne
1617 2155 1779 2186 verum
1800 2158 1810 2188 :
1848 2138 2204 2202 repraesentativa
2228 2140 2278 2187 &
2302 2140 2475 2204 fignifia·

483 2207 627 2253 eativa
650 2208 709 2254 ita
731 2208 775 2253 se
795 2207 961 2256 habent
982 2208 1030 2254 in
1044 2207 1217 2264 Verbo,
1241 2206 1367 2270 quod
1391 2207 1544 2253 omnia
1560 2205 1801 2270 &singula
1823 2206 1871 2251 in
1894 2204 2106 2269 supremo
2130 2205 2251 2254 sensu
2275 2205 2475 2271 spedtent

482 2273 759 2328 Dominum,
796 2274 900 2320 inde
923 2273 986 2320 est
1010 2274 1102 2336 ipsa
1123 2275 1216 2321 vita
1239 2273 1411 2328 Verbi;
1445 2273 1495 2321 &
1519 2273 1625 2335 quia
1645 2273 1925 2328 Dominum,
1961 2272 2097 2318 etiam
2126 2271 2324 2335 spechnt
2346 2273 2475 2335 Reg-

483 2354 596 2384 num
620 2339 779 2401 Ipsius,
816 2355 921 2386 nam
944 2341 1176 2388 Dominus
1207 2338 1270 2386 est
1308 2355 1445 2386 omne
1482 2339 1527 2385 in
1561 2338 1639 2387 suo
1662 2339 1862 2400 Regno·5
1898 2338 2068 2383 Divina
2089 2353 2197 2400 quae
2220 2352 2246 2383 a
2271 2338 2478 2386 Domino

483 2405 528 2450 in
570 2405 737 2467 Regno
777 2405 935 2468 Ipfius,
972 2405 1142 2453 faciunt
1178 2407 1398 2468 'Regnum
1421 2426 1434 2460 3
1472 2404 1573 2451 ideo
1612 2416 1836 2467 quantum
1873 2402 1983 2449 boni
2020 2404 2070 2450 δε
2113 2403 2208 2449 veri
2246 2404 2475 2467 Angelus,

483 2471 691 2531 Spiritus,
729 2473 777 2517 &
803 2473 986 2527 Homo,
1022 2473 1180 2534 recipit
1202 2488 1227 2518 a
1249 2473 1472 2526 Domino,
1509 2471 1558 2516 &
1584 2469 1726 2516 credit
1753 2469 1930 2531 quod'a
1954 2468 2178 2523 Domin0,
2212 2479 2390 2514 tantum
2411 2470 2476 2516 est

484 2536 530 2580 in
554 2536 722 2597 Regno
747 2537 907 2599 Ipfius,
941 2550 1164 2599 quantum
1203 2547 1355 2582 autem
1394 2551 1485 2581 non
1521 2535 1682 2596 recipit
1720 2549 1802 2579 nec
1845 2531 1986 2578 credit
2022 2531 2149 2595 quod
2188 2547 2213 2577 a
2247 2533 2472 2592 Domino,

486 2613 663 2646 tanturn
690 2618 779 2647 non
811 2601 874 2647 est
911 2604 957 2648 in
982 2603 1148 2663 Regno
1172 2601 1344 2662 Ipsius,
1380 2601 1442 2645 ita
1463 2599 1633 2645 Divina
1655 2612 1760 2660 quae
1784 2614 1810 2644 a
1829 2597 2036 2643 Domino
2059 2594 2230 2643 faciunt
2253 2597 2472 2661 Regnum

487 2665 630 2728 Ipsius
653 2665 723 2712 seu
748 2667 937 2722 coelnrn,
974 2666 1059 2712 hoc
1097 2665 1162 2712 est
1199 2665 1328 2727 quod
1361 2663 1628 2726 intelligitur
1663 2678 1743 2726 per
1781 2661 1907 2726 quod
1931 2660 2164 2710 Dominus
2187 2662 2242 2711 fit
2262 2679 2404 2724 omne*
2426 2667 2473 2713 in

489 2729 568 2777 suo
593 2733 662 2778 Re
700 2747 771 2778 no.

561 2747 704 2861 29o5g.
740 2799 937 2844 Centum
973 2797 1077 2843 anni
1116 2797 1165 2842 &
1183 2795 1353 2858 ‘viginti
1391 2795 1492 2841 anni
1517 2795 1565 2841 &
1588 2792 1757 2856 septem
1780 2793 1900 2848 anni,
1935 2793 2063 2856 quod
2083 2793 2305 2856 significet
2326 2796 2473 2859 pleni—

491 2863 699 2910 tudinem
724 2863 924 2919 issorum,
961 2861 1130 2909 constat
1153 2878 1177 2908 a
1208 2860 1529 2923 significatione
1553 2861 1770 2914 Centum,
1806 2859 1933 2920 quod
1973 2859 2027 2906 fit
2060 2860 2267 2922 plenum,
2304 2862 2361 2908 de
2383 2879 2472 2925 qua

494 2945 555 2976 n:
584 2930 742 2992 2636;
780 2932 827 2976 &
852 2946 878 2976 a
909 2929 1072 2992 viginti
1108 2926 1180 2974 seu
1218 2926 1285 2973 bis
1325 2926 1501 2982 decem,
1537 2925 1663 2987 quod
1686 2926 1821 2971 etiam
1845 2923 2051 2986 plenum,
2087 2941 2117 2971 n
2136 2943 2150 2972 τ
2180 2931 2299 2989 1988
2323 2949 2337 2982 ;
2374 2930 2423 2975 δε
2448 2945 2472 2976 a

490 2993 681 3058 septem,
716 2994 842 3057 quod
880 2994 1099 3049 sanctum,
1135 3010 1193 3039 n:
1223 3010 1331 3055 395.
1357 3009 1468 3054 433.
1498 2991 1605 3055 716.
1630 2995 1740 3046 881,
1775 2991 1838 3036 ita
1871 2990 1998 3053 quod
2038 2989 2091 3036 fit
2126 2991 2363 3054 plenitudo
2399 2992 2471 3040 seu

496 3061 597 3107 finis
621 3061 754 3107 saneti
779 3060 1007 3116 Ecclesiae,
1042 3060 1121 3122 qui
1145 3059 1217 3105 hic
1241 3059 1545 3121 significatum
1582 3055 1707 3119 quod
1730 3056 1930 3103 Numeri
1952 3057 1999 3102 in
2021 3056 2178 3104 Verbo
2201 3073 2358 3105 omnes
2383 3059 2472 3123 fig-

495 3127 681 3174 nificent
720 3144 803 3183 res,
838 3126 1044 3172 videatur
1082 3142 1141 3172 n:
1168 3129 1278 3185 482.
1298 3129 1409 3188 487.
1436 3124 1546 3187 647.
1573 3123 1682 3182 648.
1712 3137 1820 3185 755.
1861 3126 1968 3185 813.
1998 3122 2135 3185 1963.
2161 3128 2298 3187 1988.
2327 3140 2470 3188 2075.

498 3210 637 3256 2252.
691 3193 934 3242 Plenitudo
969 3191 1170 3249 illorum,
1207 3206 1373 3254 nempe
1405 3189 1600 3238 statuum
1625 3190 1674 3239 ὅτ
1698 3199 1962 3251 temporum
1985 3188 2217 3247 Ecclesiae,
2253 3190 2474 3302 sigxhificat

2365 3272 2470 3305 nem
