2904 3750
789 201 1124 265 CAPUT
1172 195 1744 267 VIGESIMUM
1787 197 2210 282 SEXTUM.
2364 224 2496 292 329

484 350 728 398 videantur
746 364 854 413 quae
878 347 935 395 de
956 346 1023 394 his
1048 345 1172 409 prius
1207 343 1327 392 dicta
1351 345 1399 392 &
1424 341 1592 392 ostensa
1614 340 1732 397 sunt,
1769 354 1938 404 nempe
1969 341 2095 405 quod
2118 343 2380 394 Doctrinale
2402 334 2496 394 no‘n

480 417 618 465 <faciat
646 416 889 464 Ecclefiam
917 413 989 459 sed
1014 411 1238 466 Charitas,
1274 426 1333 456 n:
1365 415 1472 473 809.
1502 410 1775 474 916.1798.
1807 422 1945 472 1799.
1980 411 2116 471 1834.
2151 415 2288 472 1844.
2349 413 2498 478 Qod

486 483 768 533 Doctrinalia
806 480 916 528 nihil
939 479 1035 535 11111
1073 476 1155 523 11111
1187 477 1346 523 vivant
1384 476 1634 523 secundum
1669 474 1760 530 illa,
1809 489 1869 520 n:
1902 490 2041 535 1515.
2113 476 2260 533 Quod
2297 479 2498 527 Ecclesia

412 599 415 602 Δ
478 552 607 598 varia
639 549 694 595 fit
722 545 874 610 quoad
897 559 1018 599 vera,
1056 541 1129 590 sed
1164 558 1256 590 una
1277 543 1331 589 fit
1354 558 1434 606 per
1465 542 1749 592 charitatem,
1787 555 1847 587 n:
1877 541 2019 604 3267.
2091 541 2237 602 Quod
2275 545 2496 608 pai-alens.

487 631 590 665 mus
613 614 666 662 fit
688 615 805 660 inter
826 612 1086 659 Dominum
1114 610 1164 656 ὅτ
1194 609 1430 656 hominem
1454 607 1606 673 quoad
1631 605 1830 654 coelestia
1860 621 1969 670 quae
2006 605 2107 654 sunt
2140 607 2263 666 boni,
2301 627 2393 658 non
2418 628 2495 659 au-

482 696 579 731 tem
600 679 755 744 quoad
780 676 1020 743 spiritualia
1043 692 1151 740 quae
1174 674 1276 724 sunt
1297 677 1411 734 veri,
1448 680 1681 739 1111831.
1713 677 1850 736 1832.
1921 673 2065 731 Quod
2109 676 2240 722 unica
2276 677 2496 726 Doctrina

472 750 554 804 ·fit‚
609 762 773 810 nempe
813 745 982 792 amoris
1022 743 1068 790 in
1113 744 1390 800 Dominum,
1443 746 1493 791 δε
1529 740 1754 790 charitatis
1792 755 1903 803 erga
1934 741 2222 804 proximum,
2260 758 2318 791 n:
2348 761 2492 807 3445.

477 814 633 876 *Qiod
658 811 855 860 Ecclesia
895 809 1012 858 foret
1045 825 1134 858 una
1167 810 1199 857 fi
1235 809 1421 858 charitas
1451 808 1684 865 omnibus,
1720 806 1895 855 tametsi
1918 807 2071 870 quoad
2094 807 2246 855 cultus
2269 808 2319 857 &
2342 812 2496 874 quoad

482 879 747 930 doctrinalia
780 878 1030 934 differrent,
1083 893 1145 924 n:
1175 881 1285 942 809.
1318 881 1457 939 1285.
1491 876 1628 939 1316.
1662 877 1801 938 1798.
1845 890 1981 939 1799.
2012 878 2151 938 1834.
2184 879 2322 936 1844.
2350 883 2493 941 2982.

479 947 634 1010 -Quod
672 945 869 994 Ecclesia
907 943 1024 992 foret
1059 943 1173 991 ficut
1213 944 1431 1007 Regnum
1471 942 1667 991 Domini
1706 941 1752 987 in
1790 940 1935 996 coelis,
1972 940 2004 987 fi
2036 940 2250 989 omnibus
2289 943 2496 1003 charitas,

483 1033 515 1065 n
534 1034 545 1064 :
565 1034 599 1064 ‚2
608 1018 666 1079 38
673 1030 717 1077 5.
756 1056 760 1061 Α
789 1011 935 1074 Qod
971 1009 1319 1057 innumerabiles
1350 1010 1583 1057 varietates
1617 1007 1724 1056 boni
1748 1007 1797 1054 &
1821 1009 1918 1055 veri
1941 1007 2026 1055 fint
2055 1009 2102 1054 in
2126 1007 2265 1066 coelo,
2300 1021 2345 1057 at
2365 1011 2494 1074 quod

484 1098 566 1148 per
590 1080 872 1130 harmoniam
897 1076 1037 1142 usque
1060 1075 1406 1170 unum-faciant,
1431 1076 1545 1124 ficut
1566 1089 1736 1141 organa
1752 1073 1801 1121 ὅ(
1826 1074 2035 1123 membra
2057 1077 2277 1139 corporiS‚
2303 1092 2357 1125 n:
2378 1079 2490 1138 684.

482 1152 516 1199 6
552 1167 596 1198 o.
653 1165 677 1197 2
725 1166 762 1196 1.

519 1166 715 1278 934352‘}
738 1214 802 1260 Et
823 1211 1042 1267 diximus,
1078 1209 1132 1258 fit
1154 1209 1309 1274 quaeso
1331 1208 1659 1258 sacramentum
1691 1211 1808 1258 inter
1838 1224 1939 1266 1103,
1975 1209 2092 1256 111101
2113 1224 2196 1256 nos
2217 1209 2268 1258 8τ
2293 1211 2408 1259 inter
2430 1224 2492 1271 te,

483 1282 535 1330 &
560 1279 824 1328 excidamus
846 1276 1001 1325 foedus
1024 1292 1135 1324 cum
1159 1289 1220 1334 te,
1250 1277 1378 1340 quod
1400 1276 1622 1341 fignificet
1644 1278 1774 1340 quod
1805 1276 2070 1325 doctrinalia
2102 1276 2212 1323 fidei
2249 1293 2408 1325 eorum
2445 1280 2493 1327 in

479 1347 530 1396 'se
562 1348 753 1411 spectata
780 1361 874 1393 non
895 1355 1181 1407 negarentur,
1216 1359 1382 1408 nempe
1410 1357 1632 1407 quatenus
1645 1342 1758 1406 „sunt
1778 1360 1834 1392 ex
1858 1342 1981 1392 sensu
2004 1342 2163 1390 literali
2185 1343 2346 1400 Verbi,
2379 1360 2490 1392 con-

474 1414 571 1462 -stat
599 1431 654 1461 ex
682 1412 1008 1476 fignificatione
1048 1409 1308 1458 sacramenti
1341 1411 1459 1458 inter
1491 1426 1600 1467 nos,
1651 1411 1781 1474 quod
1815 1410 1870 1459 fit
1908 1408 2135 1458 consensio
2170 1409 2492 1460 doctrinalium

481 1497 592 1529 cum
629 1480 752 1528 sensu
789 1477 943 1527 literali
966 1476 1144 1533 Verbi,
1178 1478 1229 1524 &
1264 1493 1290 1524 a
1326 1476 1650 1540 significatione
1689 1479 1804 1526 inter
1843 1492 1926 1526 nos
1957 1478 2004 1524 &
2040 1477 2156 1524 inter
2188 1488 2251 1534 te,
2286 1477 2414 1541 quod
2437 1478 2493 1526 fit

483 1547 805 1595 concordantia
827 1559 934 1592 cum
958 1542 1082 1590 sensu
1106 1542 1314 1599 interno,
1354 1545 1403 1590 &
1426 1559 1483 1590 ex
1505 1540 1828 1606 fignificatione
1855 1542 2118 1590 excidamus
2153 1541 2328 1599 foedus,
2363 1544 2493 1607 quod

475 1609 701 1676 *fit-quod
747 1611 805 1658 fic
845 1609 987 1674 posset
1026 1607 1109 1655 effe
1155 1606 1441 1670 conjunctio,
1491 1610 1621 1672 quod
1660 1608 1816 1658 foedus
1856 1610 1911 1657 iit
1955 1607 2235 1673 0011311ηὲ110,
2284 1609 2493 1658 videatur

485 1697 548 1728 n:
575 1679 685 1742 665.
713 1679 823 1726 666.
851 1692 988 1739 1023.
1015 1678 1154 1737 1038.
1179 1675 1317 1735 1864.
1339 1692 1484 1739 2003.
1503 1692 1625 1724 2021
1655 1697 1669 1731 ;
1705 1675 1850 1723 sensus
1889 1676 1971 1739 qui
2011 1675 2117 1723 inde
2155 1676 2379 1723 redundat
2409 1676 2491 1736 est,

484 1746 631 1810 quod,
669 1746 775 1810 quia
809 1745 886 1800 ita,
922 1740 1186 1802 doctrinalia
1215 1740 1326 1790 fidei
1364 1757 1524 1789 eorum
1550 1742 1597 1789 in
1619 1740 1660 1789 se
1684 1740 1878 1806 spectata
1906 1757 2000 1790 non
2024 1755 2328 1805 negarentur;
2363 1758 2491 1801 nam,

484 1826 539 1861 ut
562 1813 757 1869 dietum,
794 1809 1056 1858 doctrinalia
1087 1823 1395 1872 quaecunque,
1431 1808 1575 1857 modo
1606 1808 1693 1856 sint
1724 1824 1783 1856 ex
1807 1807 1982 1864 Verbo,
2015 1824 2109 1856 non
2142 1821 2382 1872 negantur,
2417 1826 2493 1858 ac-

486 1890 727 1942 ceptantur
762 1878 885 1924 enim
926 1891 953 1922 a
974 1876 1201 1931 Domino,
1237 1876 1383 1924 modo
1417 1875 1472 1933 is,
1506 1876 1588 1939 qui
1628 1876 1675 1923 in
1713 1875 1800 1923 illis
1838 1874 1919 1932 est,
1955 1876 2002 1922 in
2034 1876 2127 1923 vita
2163 1875 2385 1925 charitatis
2419 1877 2491 1936 s1t,

487 1961 594 1993 nam
619 1945 683 1991 illi
706 1945 835 1998 vitae,
870 1942 1028 1989 omnia
1059 1956 1166 2004 quae
1189 1940 1331 1989 Verbi
1363 1942 1481 1999 sunt,
1517 1939 1737 2007 conjungi
1767 1943 1981 2006 poffunt·,
2018 1940 2092 1990 sed
2116 1941 2257 1989 Verbi
2281 1943 2494 1997 interiora

485 2013 618 2068 vitae,
653 2027 761 2075 quae
782 2009 844 2056 est
869 2011 916 2056 in
939 2008 1162 2056 charitatis
1194 2009 1396 2058 interiori
1434 2009 1591 2066 bono;
1627 2010 1996 2075 videanturquae
2018 2025 2080 2057 n:
2113 2026 2137 2074 3
2146 2026 2258 2075 324,
2295 2009 2417 2058 dicia
2440 2012 2491 2060 &

486 2078 616 2127 allata
640 2077 755 2125 sunt.
1103 2098 1107 2105 ·

558 2162 701 2210 3453.
740 2144 788 2191 Si
819 2139 954 2190 facias
989 2157 1098 2189 cum
1139 2140 1269 2189 nobis
1309 2141 1502 2198 malum,
1534 2141 1934 2205 quemadmodum
1960 2159 2051 2191 non
2077 2144 2313 2207 tetigimus
2345 2156 2404 2202 te,
2440 2144 2492 2193 &

486 2210 886 2277 quemadmodum
910 2207 1104 2256 fecimus
1127 2224 1234 2256 cum
1261 2221 1305 2255 te
1329 2207 1654 2258 tantummodo
1683 2207 1876 2264 bonum,
1914 2210 1964 2255 &
1992 2209 2196 2256 mifimus
2219 2222 2264 2257 te
2288 2212 2335 2257 in
2360 2227 2489 2274 pace,

487 2279 616 2342 quod
642 2276 863 2341 significet
884 2276 1012 2339 quod
1036 2291 1127 2322 non
1151 2274 1419 2322 violaverint
1441 2277 1672 2323 internum
1697 2273 1869 2322 sensum
1886 2273 2028 2333 Verbi
2051 2275 2100 2322 δι
2125 2277 2251 2338 quod
2278 2293 2369 2323 non
2389 2278 2493 2324 vio—

489 2345 646 2400 larent,
682 2342 881 2391 constare
903 2341 1047 2406 potest
1070 2358 1096 2388 a
1118 2340 1222 2388 serie
1246 2354 1398 2388 rerum
1433 2342 1482 2389 in
1514 2339 1636 2390 sensu
1659 2345 1854 2398 interno,
1889 2341 1938 2388 &
1961 2355 2016 2387 ex
2038 2340 2125 2390 illis
2148 2356 2255 2405 quae
2278 2341 2410 2405 supra
2433 2343 2490 2390 ad

490 2409 629 2458 Vers:
663 2428 734 2459 11.
756 2426 831 2458 22.
850 2425 929 2471 23,
965 2407 1086 2454 dicta
1109 2407 1222 2455 sunt.

561 2494 705 2540 3454.
741 2477 821 2523 Tu
847 2491 969 2522 nunc
993 2473 1252 2521 benedifms
1274 2473 1482 2535 Jehovae‚
1518 2475 1645 2538 quod
1660 2474 1882 2539 significet
1905 2474 2032 2538 quod
2055 2490 2080 2521 a
2106 2474 2296 2531 Divino,
2318 2473 2492 2524 constat

487 2558 546 2591 ex
568 2543 893 2605 significatione
917 2541 1139 2587 benedicti
1162 2540 1371 2601 Jehovae,
1407 2556 1515 2589 cum
1541 2542 1707 2598 dicitur
1736 2541 1793 2588 de
1814 2542 2038 2597 Domino,
2076 2539 2148 2589 seu
2179 2541 2306 2603 quod
2347 2542 2491 2600 idem,

490 2609 550 2657 de
572 2609 715 2656 Verbi
749 2607 873 2675 sensu
911 2608 1103 2664 interno,
1139 2622 1244 2654 narn
1279 2607 1511 2654 Dominus
1544 2607 1608 2655 est
1630 2606 1856 2664 Verbum,
1891 2607 2017 2670 quod
2058 2607 2110 2655 fit
2144 2607 2372 2654 Divinum
2397 2608 2490 2655 Ve-

493 2692 614 2732 rum,
651 2675 708 2722 de
747 2691 838 2739 qua
877 2690 938 2721 n:
968 2690 1113 2737 3140,
1149 2674 1301 2732 ita·ex·
1329 2674 1538 2722 Divino:
1575 2674 1652 2730 fic,
1686 2673 1815 2737 quod
1839 2689 1933 2722 non
1954 2673 2221 2721 violaverint
2245 2690 2326 2721 nec
2350 2674 2491 2736 viola-

493 2754 594 2790 rent
623 2741 795 2789 sensum
820 2742 1065 2796 internum,
1100 2741 1208 2803 quia
1228 2755 1284 2786 ex
1307 2740 1515 2788 Divino:
1550 2739 1626 2787 sed
1646 2740 1814 2788 violare
1843 2738 2016 2787 sensum
2048 2742 2298 2796 internum²
2330 2740 2394 2787 est
2416 2757 2494 2788 ne-

494 2824 600 2871 gare
621 2809 696 2856 illa
717 2824 824 2872 quae
849 2806 1112 2872 principalia
1145 2806 1265 2853 illius
1295 2805 1440 2853 sensus
1473 2807 1592 2864 sunt,
1627 2823 1734 2870 quae
1773 2805 1863 2868 ipsa
1895 2806 2039 2856 sancia
2059 2805 2202 2855 Verbi
2232 2805 2350 2863 sunt,
2385 2805 2515 2869 quae'

494 2875 610 2931 sunt,
646 2876 874 2922 Divinum
899 2874 1177 2920 Humanum
1202 2874 1414 2927 Domini,
1450 2875 1605 2920 Amor
1636 2877 1683 2921 in
1723 2873 1894 2936 lpsum,
1943 2873 1992 2919 81
2028 2889 2158 2919 amor
2195 2889 2302 2936 erga
2340 2875 2493 2936 proxi-

496 2956 645 2997 mum,
681 2941 781 2988 haec
818 2942 901 2987 tria
939 2939 1040 2985 sunt
1079 2939 1340 3003 principalia
1379 2938 1524 2986 sensus
1554 2940 1735 2996 interni,
1770 2940 1821 2986 &
1854 2938 1998 2986 sancia
2019 2940 2192 2993 Verbi·,
2228 2942 2276 2986 δὲ
2302 2940 2403 2986 sunt
2425 2939 2492 2986 in-

494 3016 618 3053 terna
655 3008 703 3055 &
744 3007 890 3055 sancta
927 3007 1139 3053 omnium
1177 3006 1498 3053 doctrinalium
1537 3022 1644 3070 quae
1681 3022 1739 3053 ex
1762 3005 1935 3060 Verb0,
1971 3007 2020 3052 &
2060 3006 2229 3055 interna
2266 3006 2316 3054 &
2354 3004 2494 3052 1311613

493 3073 646 3119 omnis
675 3073 841 3130 cultus,
877 3071 984 3120 nam
1025 3074 1071 3119 in
1109 3071 1195 3119 illis
1234 3071 1380 3135 ipsum
1406 3074 1627 3135 Regnum
1648 3073 1842 3120 Domini
1875 3071 1968 3119 est:
2004 3084 2218 3134 quartum
2251 3070 2332 3126 est,
2366 3069 2496 3132 quod

495 3136 705 3184 Verbum
729 3139 879 3200 quoad
904 3139 1057 3185 omnia
1078 3139 1129 3186 ὅτ
1151 3138 1326 3201 lingula
1348 3136 1462 3200 ejus,
1496 3141 1595 3185 imo
1631 3137 1783 3202 quoad
1821 3138 2069 3184 minimum
2103 3138 2295 3200 apicem,
2330 3135 2384 3181 fit
2407 3135 2495 3182 Di-

497 3202 678 3260 vinum,
714 3204 922 3268 itaquod
939 3205 1172 3262 Dominus
1193 3204 1247 3252 fit
1268 3206 1314 3252 in
1330 3204 1487 3254 Verbo
1506 3226 1521 3262 ·,
1556 3203 1643 3252 hoc
1668 3219 1852 3268 quoque
1875 3203 2151 3252 confitentur
2173 3204 2223 3249 &
2243 3198 2497 3264 agnoscunt

606 3296 608 3299 .
1563 3271 1611 3319 T
1643 3282 1665 3320 t
2318 3281 2499 3326 omnes,
