2872 3730
564 244 2106 337 CAPUTXVfiGEBIMUMQQUA'RTU‘M.
2226 279 2368 344 :203

381 400 522 435 eatur·
541 380 632 453 per
653 375 842 453 gradus,
869 377 1000 436 &aa
1018 386 1223 449 primum
1255 380 1481 448 aspectum
1511 385 1757 433 affectionis
1781 383 1903 439 boni,
1941 384 2157 448 separatur
2179 405 2203 434 a
2227 385 2361 436 scien*-

383 454 533 512 tificis,
568 472 619 502 ac
655 457 805 503 induit
842 453 1119 516 apparentia-⁰».
1149 453 1258 503 veri,
1294 453 1344 498 ὅτ
1378 453 1638 499 ficaccedit
1677 452 1734 497 ad
1766 450 1958 506 bonum,
1994 452 2211 499 indicium
2235 455 2362 516 quod

378 520 458 566 tali
491 522 679 584 origine,
729 518 935 582 &quod
974 518 1180 581 primum
1218 516 1445 580 aspectum
1483 518 1599 564 Boni
1631 517 1791 574 Divini
1831 514 2036 563 sustinere
2075 525 2166 563 non
2202 521 2359 581 poffet,

378 593 629 649 antequam
658 588 703 633 in
742 584 990 631 thalamum
1026 582 1188 647 sponfi,
1232 582 1323 630 hoc
1350 583 1432 638 est,
1475 584 1526 633 in
1552 582 1860 629 sanctuarium
1900 581 2008 628 boni
2047 584 2273 631 intraverit
2312 596 2361 633 ac

377 649 494 697 fasta
510 649 815 712 conjunctio,
851 662 961 696 tunc
982 649 1313 695 enim‘Verum
1340 663 1431 696 non
1466 649 1660 713 amplius
1683 647 1847 711 spectat
1871 647 2043 694 bonum
2067 665 2124 695 ex
2147 666 2360 712 apparen-

377 716 452 762 tiis
475 715 565 762 'seu
591 731 686 778 -per
730 717 1019 779 apparentias,
1057 714 1128 762 sed
1156 731 1181 762 a
1211 715 1343 762 'bono
1382 715 1599 779 speflatur
1637 714 1802 778 absque
1842 714 1957 761 illis:
1996 714 2067 760 sed
2108 714 2358 772 sciendum,

377 774 503 844 quod
542 783 761 844 nusquam
799 781 944 844 aliqua
965 788 1070 828 ve'ra
1099 781 1222 844 apud
1256 781 1597 837 hominem,1ne
1620 781 1808 843 quidem
1833 781 1953 843 apud
1983 781 2235 843 Angelum,
2272 783 2358 829 fint

376 856 503 910 pura,
539 846 625 895 hoc
649 847 728 903 est,
762 846 924 911 absque
946 848 1230 911 apparemus,
1266 848 1368 894 sunt
1399 848 1553 894 omnia
1579 847 1629 894 δε
1666 846 1839 908 fingula
1867 849 2134 909 apparentiae
2168 849 2281 903 veri,
2304 861 2359 895 'at

376 911 514 975 usque
547 914 823 976 recipiuntur
854 930 878 959 a
900 914 1107 961 Domino
1128 929 1214 976 pro
1237 913 1383 968 Veris,
1419 912 1452 959 si
1476 914 1521 959 in
1546 912 1630 959 illis
1662 912 1836 959 bonum
1857 934 1871 967 ;
1907 913 2115 959 Domino
2136 914 2231 967 Soli
2256 913 2358 961 sunt

374 977 494 1024 Vera
522 993 634 1041 pura
671 981 776 1043 quia
798 981 985 1036 Divina,
1031 979 1095 1026 cst
1126 980 1250 1026 enim
1285 979 1513 1024 Dominus
1534 978 1659 1025 'sicut
1694 978 1840 1041 ipsum
1882 980 2080 1036 Bonum,
2118 980 2176 1026 ita
2210 979 2357 1043 ipsum

374 1042 581 1099 Verum3
632 1043 706 1092 sed
748 1045 1002 1102 videantur,
1053 1061 1160 1109 quae
1195 1045 1253 1093 de
1292 1045 1422 1091 Veris
1461 1046 1511 1092 δε
1550 1046 1708 1091 eorum
1754 1047 2018 1109 apparentiis
2061 1045 2179 1108 dic‘ta
2221 1046 2361 1103 sunt,

371 1119 536 1173 nempe
572 1110 700 1175 quod
734 1111 988 1168 Velamina,
1019 1112 1090 1158 ’δε
1125 1111 1252 1174 quod
1283 1111 1396 1157 Vela
1430 1111 1657 1166 Tentorii,
1693 1110 2040 1173 fignificavcrint
2059 1140 2061 1142 f
2079 1113 2355 1176 apparentias

373 1177 486 1232 veri,
520 1193 581 1224 n:
609 1195 634 1225 2
642 1178 751 1239 576.
822 1177 968 1240 Qod
990 1178 1111 1223 Vera
1127 1177 1252 1239 apud
1276 1176 1508 1223 hominem
1532 1177 1618 1224 sint
1642 1178 1911 1241 apparentiae
1935 1177 2126 1224 imbutae
2158 1176 2355 1235 fallaciis,

373 1257 434 1289 n:
461 1258 604 1305 2053.
675 1243 820 1303 Qod
844 1243 1094 1290 Rationalia
1117 1242 1324 1289 ‘hominis
1359 1242 1445 1289 sint
1476 1243 1745 1306 apparentiae
1767 1244 1879 1298 veri,
1916 1258 1970 1290 n:
1997 1260 2140 1307 2519.
2210 1245 2354 1304 Quod

372 1307 492 1358 Vera
530 1308 616 1354 fint
649 1308 695 1354 in
732 1310 1013 1372 apparentiis,
1058 1325 1114 1356 n:
1142 1308 1284 1371 2196.
1312 1323 1456 1368 2203.
1483 1325 1626 1373 2209.
1653 1326 1795 1368 2242.
1866 1309 2011 1365 Quod
2050 1312 2230 1357 Bonum
2270 1313 2354 1359 Di·

372 1371 534 1420 'vinum
559 1375 715 1421 influat
738 1376 782 1420 in
806 1376 1096 1438 apparentiaS,
1131 1377 1268 1421 etiam
1291 1376 1338 1422 in
1362 1373 1567 1430 fallacias,
1605 1390 1633 1421 n
1654 1393 1665 1422 :
1692 1393 1716 1422 2
1724 1385 1834 1438 554.
1905 1375 2053 1438 Qod
2085 1380 2356 1440 apparentiae

373 1441 469 1485 veri
491 1439 756 1503 adaptentur
778 1456 804 1487 a
825 1442 1040 1488 Domino.
1067 1440 1180 1487 ficut
1220 1438 1368 1488 forent
1400 1456 1519 1497 vera,
1555 1457 1615 1488 n:
1646 1445 1782 1504 1832.
1853 1441 1998 1502 Quod
2041 1443 2086 1488 in
2119 1439 2264 1490 Verbo
2287 1443 2355 1490 lo·

373 1517 574 1567 quutum
595 1506 918 1563 fitsecundum
951 1508 1242 1570 apparentiaS,
1277 1523 1340 1554 n:
1372 1511 1510 1571 1838.
1581 1507 1714 1570 Qid
1751 1520 1900 1554 autern
1941 1508 2026 1554 sint
2064 1513 2354 1572 apparentiae,

371 1571 570 1617 constare
590 1571 737 1634 potest
758 1571 985 1618 manifeste
1009 1571 1175 1618 abillis
1197 1573 1246 1618 in
1260 1571 1430 1627 Verbo,
1453 1571 1530 1617 ubi
1550 1570 1798 1619 secundum
1815 1575 2089 1636 apparentias
2111 1575 2355 1638 loquutum

369 1634 464 1690 est;
500 1635 573 1682 sed
598 1635 699 1683 sunt
721 1639 1079 1699 apparentiarum
1102 1638 1195 1683 veri
1221 1637 1407 1699 graduS,
1431 1639 1701 1700 apparentiae
1724 1638 1816 1684 veri
1837 1639 2053 1685 naturales
2077 1639 2176 1687 sunt
2198 1641 2355 1703 plerae-

367 1716 458 1763 que
479 1699 681 1758 fallaciae,
717 1701 790 1748 sed
827 1717 976 1766 quum
1015 1701 1138 1766 apud
1176 1701 1276 1750 illos
1307 1701 1411 1750 sunt
1431 1703 1512 1766 qui
1536 1703 1582 1748 in
1605 1701 1743 1759 bono,
1779 1715 1889 1750 tunc
1912 1720 2004 1751 non
2027 1705 2232 1760 dicendae
2257 1706 2356 1754 sunt

367 1764 571 1824 fallaciae,
607 1768 681 1814 sed
713 1770 1003 1832 apparentiae,
1037 1769 1172 1816 etiam
1212 1768 1366 1832 aliquo
1403 1768 1603 1832 respectu
1641 1783 1763 1825 vera,
1799 1769 1973 1816 bonum
2006 1772 2128 1818 enim
2152 1773 2276 1834 quod
2308 1775 2355 1820 in

304 1853 311 1857 ·
368 1832 473 1889 illis,
508 1835 554 1879 in
577 1849 672 1897 quo
698 1835 941 1890 Divinum,
975 1833 1099 1890 facit,
1134 1847 1187 1881 ut
1220 1835 1397 1882 effentia
1431 1834 1518 1882 illis
1553 1834 1636 1881 alia
1667 1835 1755 1890 fit·‚
1791 1837 2064 1899 apparentiae
2087 1851 2238 1886 autem
2253 1841 2356 1886 ‘veri

367 1898 618 1956 rationales,
654 1898 754 1947 sunt
783 1901 1009 1948 interiores
1033 1903 1177 1963 magis
1200 1902 1250 1948 ὅτ
1273 1903 1452 1964 magis3
1487 1902 1533 1948 -in
1573 1901 1660 1948 illis
1698 1900 1800 1949 sunt
1838 1902 1961 1958 coeii,
1997 1919 2160 1968 nempe
2185 1906 2356 1968 Angeli

368 1967 451 2028 qui
479 1966 524 2011 in
556 1965 704 2021 coelis,
739 1966 983 2029 dequibus
1006 1966 1213 2014 videatur
1235 1983 1296 2016 n:
1322 1968 1480 2030 2576:
1518 1979 1571 2014 ut
1593 1967 1740 2031 aliqua
1762 1968 1859 2015 idea
1881 1967 2108 2026 habeatur,
2143 1972 2255 2034 quid
2277 1987 2355 2036 ap-

366 2031 580 2093 parentiae
605 2033 717 2088 veri,
751 2031 1138 2080 fintillustrationi
1161 2033 1260 2080 haec
1279 2056 1295 2089 ·,
1346 2035 1382 2081 Ι.
1418 2034 1580 2081 Credit
1602 2033 1744 2081 homo
1765 2034 1894 2098 quod
1918 2034 2187 2083 reformetur
2211 2039 2258 2084 δε
2284 2054 2352 2084 re-

355 2106 602 2159 'generetur
624 2113 704 2160 per
728 2113 888 2146 verum
920 2098 1043 2155 fidei,
1079 2097 1151 2146 sed
1189 2098 1276 2146 hoc
1311 2098 1375 2148 est
1403 2102 1674 2163 apparentia,
1709 2099 1977 2148 reformatur
1998 2103 2047 2149 &
2072 2117 2355 2166 regeneratur

365 2178 449 2224 per
471 2162 643 2211 bonum
668 2163 791 2220 fidei,
827 2164 915 2211 hoc
936 2164 1018 2220 est,
1053 2180 1135 2228 per
1157 2163 1417 2212 charitatem
1438 2181 1544 2228 erga
1565 2167 1848 2229 proximum,
1883 2168 1934 2214 ὅτ
1958 2185 2162 2216 amorem
2185 2171 2232 2216 in
2253 2172 2352 2217 Do-

368 2230 564 2285 minum.
632 2229 692 2277 II.
726 2230 885 2278 Credit
917 2230 1076 2288 homo,
1110 2231 1236 2294 quod
1268 2231 1445 2278 Verum
1477 2232 1559 2279 det
1590 2233 1817 2295 percipere
1854 2234 1969 2296 quid
2006 2234 2196 2292 bonum,
2247 2238 2353 2299 quia

367 2294 517 2349 docet,
553 2293 627 2341 sed
649 2295 713 2342 est
731 2298 1002 2359 apparentia,
1037 2297 1211 2344 bonum
1248 2296 1311 2344 est
1348 2297 1475 2360 quod
1513 2298 1591 2345 dat
1622 2313 1732 2344 vero
1754 2301 1995 2362 percipere,
2032 2299 2205 2346 bonum
2226 2304 2349 2349 enirn

366 2358 431 2406 est
449 2361 615 2416 anima,
650 2359 726 2407 seu
746 2363 840 2409 vita
861 2364 970 2408 veri.
1037 2363 1118 2409 III.
1154 2363 1322 2410 Homo
1344 2363 1502 2420 credit,
1538 2364 1664 2426 quod
1687 2364 1863 2410 Verum
1899 2365 2165 2413 introducat·
2189 2367 2244 2412 ad
2270 2366 2350 2414 bo-

365 2441 496 2481 num,
531 2441 640 2473 cum
673 2426 747 2474 ille
779 2427 1026 2475 secundum
1046 2428 1240 2484 Verum,
1275 2428 1403 2491 quod
1426 2429 1603 2484 didicit,
1638 2429 1775 2486 vivit,
1812 2428 1886 2476 sed
1917 2429 1981 2476 est
2010 2429 2183 2478 bonum
2222 2434 2347 2495 quod

364 2492 512 2538 influit
531 2493 577 2538 in
600 2507 778 2549 verum,
813 2494 863 2541 ὅτ
886 2494 934 2540 id
958 2494 1015 2541 ad
1038 2493 1080 2541 se
1103 2494 1364 2541 introducit.
1434 2495 1517 2546 IV,
1551 2494 1754 2542 Homini
1792 2509 1987 2558 apparet,
2022 2497 2148 2560 quod
2172 2497 2348 2546 Verum

363 2557 564 2619 perficiat
585 2556 777 2614 bonum,
811 2573 922 2606 cum
960 2571 1114 2606 tamen
1146 2559 1322 2607 bonum
1356 2559 1533 2622 perficit
1569 2575 1745 2607 verum.
1815 2561 1874 2607 V.
1913 2562 2113 2609 Homini
2134 2578 2351 2628 apparent

363 2623 480 2670 bona
502 2625 612 2670 vitae
644 2624 758 2671 ficut
785 2622 959 2672 fructus
991 2625 1115 2681 fidei,
1150 2624 1227 2672 sed
1256 2624 1367 2672 suntx
1384 2623 1557 2672 fructus
1593 2625 1843 2673 charitatis:
1878 2643 1937 2673 ex
1970 2628 2038 2675 his
2073 2631 2228 2692 paucis
2268 2630 2346 2677 ali-

297 2694 306 2701 *
361 2700 580 2753 quatenus
602 2687 700 2736 sciri
722 2689 885 2754 potest,
919 2690 1032 2754 quid
1055 2690 1140 2738 fint
1162 2692 1434 2755 apparentiae
1457 2693 1552 2738 veri
1572 2713 1586 2746 3
1624 2691 1729 2738 tales
1752 2691 1852 2739 sunt
1872 2694 2232 2754 innumerabiles.

430 2760 572 2819 3208.
609 2755 848 2804 vern-66.
876 2758 954 2822 67.
1004 2759 1069 2805 Et
1104 2758 1317 2805 narrabat
1348 2758 1506 2821 servus
1528 2758 1735 2821 Jischako
1775 2761 1911 2806 omnia
1948 2761 2080 2807 verba
2116 2777 2208 2825 quae
2218 2762 2343 2824 fecit.

362 2823 427 2869 Et
457 2822 695 2870 intrbduxit
733 2821 1055 2887 illam-Jischak
1087 2826 1135 2871 in
1173 2826 1398 2872 tentorium
1430 2826 1551 2870 Sarae
1587 2827 1741 2871 matris
1757 2825 1884 2887 suae;
1919 2827 1977 2875 ἐς)
2007 2830 2166 2889 acl-cepit
2187 2829 2345 2876 Rebec-

362 2903 469 2946 cam,
505 2888 560 2937 &
582 2899 678 2936 erat
712 2887 753 2937 ὲί
788 2891 835 2936 in
872 2889 1099 2947 mulierem,
1133 2890 1189 2939 &²
1211 2893 1381 2938 amavit
1403 2887 1519 2938 illaria
1539 2911 1555 2945 ·,
1593 2891 1647 2938 (ς’
1673 2892 1904 2954 consolatus
1929 2891 1984 2952 est
2006 2894 2238 2956 Jischakus
2252 2897 2344 2957 post

360 2964 537 3002 matrem
548 2955 689 3017 suam.
759 2954 980 3003 Narrabat
1018 2955 1170 3003 servus
1200 2955 1422 3017 Jischako
1461 2957 1615 3003 omnia
1653 2957 1787 3004 verba
1818 2973 1928 3021 quae
1967 2957 2090 3016 fecit,
2125 2959 2345 3023 fignificat

359 3022 696 3082 perceptionem
734 3037 790 3068 ex
827 3023 1004 3069 Divino
1047 3022 1251 3079 naturali,
1286 3023 1523 3086 quomodo
1565 3023 1604 3069 se
1641 3038 1708 3069 res
1752 3023 1956 3071 haberet:
1999 3025 2065 3071 Et
2093 3027 2346 3073 introduxit

359 3082 482 3130 illam
507 3085 691 3146 jischak
710 3087 768 3133 in
804 3090 1049 3138 tentorium
1084 3082 1213 3136 Sarae‘
1241 3086 1395 3136 matris
1434 3088 1545 3145 suae,
1579 3088 1798 3154 fignificat
1838 3089 2131 3139 sanctuarium
2154 3092 2263 3138 Veri
2295 3095 2340 3138 in

358 3148 536 3197 Divino
553 3151 804 3203 Humano:
841 3155 891 3202 &
915 3156 1087 3219 accepit
1110 3154 1399 3212 Rebeccam,
1425 3156 1590 3268 &gerat
1625 3156 1668 3202 ei
1707 3156 1754 3202 in
1789 3155 2042 3213 mulierem,
2087 3159 2136 3208 ὅτ.
2175 3159 2343 3207 amavit

1512 3236 1538 3268 c
1575 3237 1600 3269 2
2200 3223 2340 3275 illam,
2398 3272 2401 3275 ,
