2904 3750
657 224 998 287 CAPUT
1043 187 1608 285 vIGEerUM
1660 222 2113 287 SEXTUM.
2247 203 2384 307 293

383 355 595 411 hannem,
632 358 668 382 “
693 349 1106 412 Quemadmodum
1146 347 1380 411 cognoscit
1418 349 1505 396 Me
1526 349 1678 405 Pater,
1714 347 1764 395 &
1787 347 1896 410 Ego
1928 348 2161 411 cognosco
2174 351 2382 408 Patrem,

384 424 434 470 δε
452 422 652 468 Animam
689 435 822 469 meam
850 431 962 480 pono
991 426 1077 476 pro
1116 415 1281 469 ovibus,
1329 427 1514 477 propter
1552 415 1639 462 hoc
1675 414 1806 460 Pater
1839 415 1925 460 Me
1964 428 2099 471 amat,
2135 419 2261 479 quod
2287 420 2391 480 Egof

377 501 489 551 pono
506 489 696 534 animam
727 500 876 539 meam,
909 483 969 528 ut‘
985 479 1132 527 rursus
1164 481 1382 543 accipiam
1417 480 1571 535 illam3
1602 479 1845 540 potestatem
1880 480 2011 527 habeo
2044 484 2224 542 ponendi
2245 484 2389 540 illam,

386 555 444 604 ὅ
473 553 721 615 potestatem
760 550 890 596 habeo
923 547 1069 608 rursus
1100 546 1330 608 accipiendi
1360 545 1511 602 illam3
1548 545 1636 592 hoc
1674 546 1957 610 praeceptum
1998 548 2151 610 accepi
2188 565 2213 594 a
2251 550 2390 597 Patre

386 619 554 675 Me0,''
586 633 646 664 x:
679 634 751 678 15·
777 630 846 678 17.
875 617 946 661 18.
1018 612 1164 675 Qod
1204 613 1435 660 Dominus
1475 613 1675 659 univerit
1714 612 1957 659 Effentiam
1999 610 2125 659 suam
2162 615 2389 663 Divinam

384 684 598 735 Effentiae
618 684 855 730 Humanae
887 694 969 742 per
1000 681 1264 726 tentationes
1288 679 1467 742 propria
1490 681 1706 743 potentia,
1741 679 1978 726 videantur
2001 695 2058 726 n:
2083 680 2219 743 1663.
2246 682 2391 730 1668.

392 749 684 861 169o.f1691
719 745 751 794 f.
791 761 930 810 1725.
971 761 1111 810 1729.
1150 763 1288 810 1733.
1329 762 1467 810 1737.
1512 749 1648 810 1787.
1691 749 1830 811 1789.
1879 749 2017 794 1812.
2063 750 2201 795 1820.
2240 749 2390 811 2776.

458 819 512 865 18
560 850 570 862 .
883 843 886 848 -

387 836 596 946 333382.
632 880 697 928 Et
720 877 971 926 observavit
994 877 1270 926 observanda
1295 895 1410 935 mea,
1446 889 1673 942 praecepta
1706 893 1836 936 mea‚·
1858 877 2019 925 statuta
2039 894 2155 935 mea,
2190 878 2240 926 δε
2264 878 2393 942 leges

366 963 523 1004 vmeas,
558 948 685 1011 quod
721 945 942 1009 significet
972 962 1056 1009 per
1084 947 1320 992 continuas
1352 946 1643 992 revelationes
1672 961 1728 991 ex
1753 945 1808 991 Se
1828 943 1947 1008 Ipso,
1984 961 2149 1008 nempe
2172 945 2285 993 ficut
2306 962 2394 1008 per*

384 1015 664 1071 tentationes,
713 1015 847 1060 etiam
882 1028 962 1075 per
1002 1011 1096 1058 illas
1135 1013 1333 1059 univerit
1361 1011 1608 1059 Effentiam
1637 1012 1858 1058 Divinam
1897 1013 2151 1067 Humanae,
2186 1011 2392 1059 constare

383 1080 532 1148 potest
568 1097 623 1128 ex
662 1096 734 1135 eo,
769 1079 898 1142 quod
933 1077 1165 1125 observare
1204 1077 1496 1133 observanda,
1532 1089 1774 1141 praecepta,
1811 1077 1968 1124 statuta
1991 1079 2040 1125 &
2065 1077 2203 1141 leges,
2239 1078 2392 1125 invol-

383 1161 495 1197 vant
524 1149 678 1196 omnia
699 1147 858 1202 Verbi,
894 1160 1059 1207 nempe
1081 1144 1356 1192 observanda
1378 1146 1533 1191 omnia
1555 1142 1649 1206 ejus
1673 1146 1719 1190 in
1749 1146 2006 1200 communi,
2041 1155 2270 1208 praecepta
2291 1142 2395 1206 ejus

385 1217 573 1271 interna,
608 1214 770 1260 statuta
792 1210 887 1275 ejus
909 1219 1106 1267 externa,
1143 1213 1193 1259 δε
1216 1211 1336 1272 leges
1357 1211 1516 1257 omnia
1538 1211 1584 1256 in
1610 1207 1751 1273 specie
1772 1232 1788 1266 ·‚
1822 1209 1922 1257 haec
1945 1211 2050 1274 quia
2083 1212 2391 1274 praedicantur

387 1281 446 1329 de
468 1281 696 1338 Domino,
730 1278 831 1338 Qui
854 1276 915 1324 ab
932 1288 1102 1324 aeterno
1124 1276 1212 1324 fuit
1233 1276 1459 1333 Verbum,
1494 1277 1544 1324 &
1568 1292 1594 1323 a
1616 1277 1732 1337 Quo
1761 1278 1916 1323 omnia
1951 1277 2046 1332 illa,
2083 1280 2131 1324 in
2164 1276 2286 1324 sensu
2319 1279 2388 1325 in-

389 1358 519 1395 terno
558 1361 649 1394 non
690 1343 928 1406 significari
966 1342 1129 1407 potest,
1164 1343 1293 1406 quod
1332 1342 1430 1407 Ipse
1470 1343 1545 1389 illa
1579 1341 1896 1403 observaverit,
1931 1342 2006 1390 sed
2034 1343 2164 1406 quod
2194 1343 2270 1391 illa
2292 1344 2394 1391 Sibi

387 1414 496 1478 Ipsi,
532 1429 639 1460 cum
663 1413 711 1458 in
732 1410 846 1457 statu
868 1409 1083 1456 unitionis
1104 1411 1314 1458 Humani
1346 1425 1456 1456 cum
1487 1410 1664 1457 Divino
1699 1407 1803 1467 fuit,
1840 1409 2129 1458 revelaverit:
2165 1409 2264 1457 haec
2287 1411 2393 1474 qui-

389 1482 499 1529 dem
534 1480 682 1543 prima
719 1476 861 1540 specie
898 1489 1114 1539 apparent
1149 1478 1391 1523 remotiora
1422 1492 1447 1523 a
1482 1474 1605 1522 sensu
1629 1475 1790 1533 literae,-
1823 1477 1958 1523 etiam
1984 1492 2009 1522 a
2030 1477 2244 1539 proximo
2267 1475 2398 1524 sensu

389 1549 583 1601 interno,
619 1557 664 1606 at
685 1542 824 1606 usque
846 1558 956 1589 cum
979 1542 1078 1588 haec
1098 1542 1235 1589 verba
1257 1542 1473 1604 leguntur
1495 1541 1551 1588 ab
1575 1540 1776 1598 homine,
1812 1542 1886 1589 ille
1914 1541 2060 1590 sensus
2094 1558 2256 1590 eorum
2287 1558 2391 1590 ver·

389 1613 556 1661 borum
579 1613 624 1658 in
650 1608 771 1656 coelo
793 1608 890 1662 est3
926 1622 1050 1662 nam,
1093 1619 1147 1654 ut
1182 1607 1420 1670 aliquoties
1458 1608 1583 1670 prius
1619 1607 1797 1654 dictum
1819 1609 1869 1655 δε
1892 1607 2037 1655 videri
2067 1607 2213 1672 potest
2234 1607 2291 1656 ab
2312 1623 2398 1655 ex-

387 1678 552 1742 emplis
575 1693 636 1723 n:
668 1678 806 1738 1873.
833 1678 975 1736 1874,
1012 1673 1156 1719 sensus
1180 1672 1323 1720 literae
1345 1674 1392 1719 in
1414 1672 1589 1720 ascensu
1611 1671 1762 1720 versus
1785 1673 1962 1720 coelum
1984 1677 2187 1731 exuitur,
2215 1676 2264 1722 &
2290 1674 2394 1722 loco

389 1743 485 1809 ejus
509 1743 619 1791 alius
652 1739 844 1788 coelestis
874 1737 1007 1795 subit,
1043 1737 1183 1802 usque
1217 1739 1330 1786 adeo
1365 1751 1418 1785 ut
1456 1754 1550 1786 non
1590 1738 1802 1802 cognosci
1832 1741 1967 1803 possit
2004 1740 2132 1803 quod
2171 1740 2226 1788 fit
2253 1741 2400 1796 inde}

389 1812 471 1878 qui
494 1811 618 1858 enim
640 1809 688 1855 in
710 1805 832 1854 coelo
863 1806 980 1862 sunt,
1017 1805 1064 1852 in
1088 1805 1184 1852 idea
1206 1804 1308 1852 sunt
1329 1805 1457 1870 quod
1482 1806 1638 1853 omnia
1657 1805 1799 1853 Verbi
1822 1807 1869 1853 in
1894 1805 2018 1853 sensu
2051 1808 2230 1855 interno
2252 1819 2400 1871 agant

391 1880 449 1927 de
471 1877 697 1930 Domino,
733 1874 782 1920 &
815 1887 999 1935 quoque
1030 1871 1158 1934 quod
1189 1873 1344 1920 omnia
1366 1872 1508 1919 Verbi
1540 1871 1627 1920 sint
1659 1888 1684 1920 a
1702 1874 1929 1929 Domino,
1978 1874 2115 1920 etiam
2154 1890 2263 1921 cum
2304 1871 2399 1921 fuit,

392 1947 441 1994 in
478 1941 655 1990 mundo
691 1937 819 2002 quod
855 1952 911 1984 ex
933 1938 1117 2004 Divino
1138 1938 1199 1986 ita
1225 1954 1283 1986 ex
1305 1940 1362 1988 Se
1383 1938 1487 2003 lpso
1510 1937 1794 2003 cogitaverit,
1828 1940 1878 1987 ὅτ
1901 1938 1996 1986 Sibi
2019 1955 2203 1987 omnem
2229 1941 2399 1988 intelli-

391 2009 595 2076 gentiam
616 2007 666 2054 &
690 2004 947 2068 sapientiam
979 2019 1060 2066 per
1091 2004 1329 2053 continuas
1357 2005 1647 2054 revelationes
1667 2022 1724 2054 ex
1746 2007 1923 2054 Divino
1953 2006 2253 2070 acquisiverit,
2288 2006 2404 2055 ideo

390 2094 449 2126 ex
482 2074 568 2122 illis
599 2071 748 2120 verbis
779 2085 878 2118 non
911 2068 1034 2115 aliud
1073 2071 1329 2133 percipiunt
1347 2093 1363 2126 ·‚
1408 2087 1514 2119 narn
1552 2070 1782 2120 observare
1820 2071 2112 2130 observanda,
2147 2086 2400 2138 praecepta,

391 2144 553 2193 statuta
590 2140 640 2188 &
679 2138 816 2202 legeS,
852 2151 944 2184 non
977 2135 1281 2199 praedicabilia
1311 2135 1414 2183 sunt
1442 2137 1499 2184 de
1520 2137 1746 2195 Domino,
1781 2141 1887 2203 quia
1916 2138 2014 2203 Ipse
2053 2137 2402 2197 fuitVerbum,⁸

392 2208 585 2274 proinde
607 2204 706 2270 Ipse
730 2206 831 2268 Qi
851 2201 1184 2259 -observandus,
1220 2201 1318 2266 Ipse
1353 2215 1656 2266 praeceptum,
1691 2215 1795 2250 tum
1820 2204 1916 2267 lpse
1937 2211 2187 2263 statutum,
2223 2208 2273 2254 &
2296 2205 2402 2270 Ipse

394 2278 515 2332 Lex,
552 2273 748 2336 spectant
775 2271 899 2318 ‘enim
934 2270 1090 2316 omnia
1126 2269 1203 2315 illa
1234 2268 1407 2332 Ipsum,
1442 2281 1499 2316 ut
1518 2270 1731 2316 Primum
1753 2285 1811 2316 ex
1833 2270 1966 2327 Quo,
2001 2287 2052 2318 ac
2074 2283 2127 2318 ut
2149 2271 2401 2320 Ultimum·

392 2343 452 2391 ad
472 2342 662 2400 Quem;
699 2336 803 2383 ideo
826 2334 906 2398 pei·
931 2335 1005 2382 illa
1029 2334 1164 2381 verba
1186 2336 1232 2381 in
1266 2334 1388 2382 sensu
1429 2334 1641 2398 supremo
1680 2351 1772 2382 non
1802 2335 1925 2382 aliud
1957 2336 2195 2399 significari
2224 2337 2390 2400 potest,

392 2423 534 2473 quam
557 2405 723 2453 Unitio
744 2403 905 2450 Divini
928 2401 1121 2448 Domini
1145 2416 1254 2448 cum
1279 2402 1505 2448 Humano
1543 2417 1624 2464 per
1661 2402 1896 2448 continuas
1929 2402 2219 2462 revelationes
2252 2419 2309 2450 ex
2333 2405 2402 2451 Se

390 2474 525 2539 Ipso:
560 2470 687 2535 qu'od
708 2470 942 2517 Dominus
973 2483 1029 2514 ex
1050 2467 1242 2523 Divino,
1277 2468 1338 2514 ita
1359 2483 1384 2514 a
1406 2468 1462 2513 Se
1485 2467 1605 2531 Ipso,
1641 2469 1928 2530 cogitaverit,
1961 2467 2083 2515 secus
2120 2484 2172 2516 ac
2202 2469 2277 2516 alii
2307 2469 2394 2517 ho·-

392 2544 554 2595 mines,
587 2536 795 2583 videatur
818 2550 878 2581 n:
911 2534 1049 2598 '1904
1076 2551 1213 2597 1914.
1237 2550 1323 2597 193
1332 2549 1396 2595 53
1431 2533 1485 2579 δε
1516 2533 1643 2596 quod
1675 2534 1771 2580 Sibi
1815 2533 1903 2596 Ipsi
1939 2533 2231 2598 acquisiverit
2256 2536 2390 2583 intel·

390 2606 632 2672 ligentiam
648 2604 696 2649 δε
721 2601 981 2664 sapientiam
1005 2615 1085 2661 per
1107 2601 1341 2646 continuas
1366 2599 1655 2647 revelationes
1677 2615 1736 2646 ex
1757 2601 1949 2656 Divino,
1984 2616 2044 2647 n:
2076 2601 2212 2649 16116.
2241 2617 2265 2649 2
2272 2619 2398 2664 500.Δ

390 2691 532 2737 2523.
561 2670 703 2732 2632.
774 2666 919 2726 Quod
945 2664 1174 2712 observare
1202 2663 1475 2712 observanda
1509 2664 1594 2711 sint
1625 2664 1786 2712 omnia>
1799 2666 1940 2713 Verbi
1973 2666 2021 2712 in
2043 2669 2298 2724 communi,
2334 2668 2387 2716 δε

389 2741 516 2806 quod
556 2746 784 2801 praecepta
820 2733 905 2780 sint
935 2731 1076 2778 Verbi
1115 2732 1307 2788 interna,
1338 2730 1509 2778 statuta
1526 2730 1668 2777 Verbi
1696 2743 1896 2788 externa,
1931 2733 1983 2780 &
2003 2732 2132 2796 quod
2155 2733 2400 2797 legesfint:

390 2807 545 2855 omnia
563 2801 704 2850 Verbi
738 2802 788 2847 in
825 2797 984 2863 specie,
1019 2801 1067 2845 in
1105 2800 1308 2860 genuino
1338 2796 1712 2854 sensu„constare
1752 2797 1901 2862 potest
1939 2815 1965 2845 a
2002 2798 2159 2846 multis
2190 2800 2299 2847 locis
2338 2801 2398 2847 irr-

390 2871 514 2920 fiensu
557 2872 733 2918 interno
777 2865 1000 2930 speantis,
1052 2879 1251 2927 quorum
1299 2863 1448 2927 aliqua
1496 2863 1600 2912 licet
1645 2863 1825 2922 afferre,
1873 2877 1925 2912 ut
1968 2864 2092 2928 apud
2137 2866 2397 2923 Davidem,

394 2943 430 2966 “
462 2938 585 2985 Beati
607 2934 770 2996 integri
792 2935 882 2988 via,
917 2930 1196 2978 ambulantes
1219 2931 1266 2976 in
1285 2931 1399 2992 Lege
1419 2930 1602 2993 thovae
1622 2952 1636 2986 3
1671 2931 1793 2978 beati.
1818 2931 2119 2979 custodientes
2137 2932 2398 2991 Testimoniae

393 3003 555 3065 Ipfiu53
589 3003 765 3047 utinam
804 2999 1059 3060 dirigantur
1094 2996 1186 3044 viae
1226 3012 1342 3044 meae
1380 2997 1437 3043 ad
1470 2995 1819 3044 custodiendum
1853 3002 2031 3045 Statuta
2065 3008 2142 3045 tua
2157 3017 2173 3046 .·
2210 3001 2389 3045 Statuta

394 3079 473 3117 tua
509 3066 794 3121 custodiam·,
844 3081 898 3112 ne
928 3062 1076 3110 desere
1103 3078 1179 3110 me
1208 3062 1348 3126 usque
1379 3062 1517 3110 adeo:
1556 3063 1603 3110 in
1634 3075 1737 3111 toto
1769 3063 1905 3110 corde
1942 3080 2046 3111 meo
2083 3064 2271 3126 quaefivi
2294 3066 2397 3119 Te,-

394 3150 452 3182 ιε
485 3132 683 3180 abertate
719 3147 793 3197 me
822 3130 893 3178 fac
922 3147 954 3178 a
968 3131 1202 3193 Praeceptis
1220 3131 1338 3179 tuis.-
1373 3129 1430 3177 in.
1443 3128 1580 3181 corde
1603 3145 1717 3180 meo.
1732 3128 1944 3190 abscondi
1960 3130 2141 3179 Verbum
2161 3140 2309 3186 tuum,r
2332 3141 2399 3174 uc

2291 3208 2397 3241 nom
