2872 3730
626 160 1640 279 CAPUT⁴V1GESIMUM
1695 202 2201 296 TERTiUM,
2289 238 2416 304 105

421 348 632 400 Ecclesia
654 349 719 402 est
741 349 789 396 in
811 345 987 402 tellure,
1023 344 1075 393 &
1107 358 1217 392 cum
1241 354 1371 391 vetus
1391 340 1583 408 exspirat
1606 342 1655 391 &
1679 341 1734 390 fit
1768 359 1878 401 nox,
1911 355 2023 394 tunc
2055 363 2173 396 nova
2202 348 2309 398 alibi
2343 354 2413 399 re-

420 415 583 480 surgit,
618 418 668 465 &
690 415 745 462 fit
767 428 913 461 mane.

491 500 552 547 29
558 483 635 545 56.
671 479 812 529 Vers:
837 494 911 537 14.
944 492 1018 539 15.
1068 476 1135 523 Et
1166 474 1377 537 respondit
1400 475 1581 538 Ephron
1603 474 1869 533 AbrahamO,
1908 475 2075 525 dicendo
2110 481 2161 526 ei.
2233 481 2416 531 Domine

420 551 496 606 mi,
531 547 635 596 audi
657 562 737 602 me,
770 554 890 592 terra
922 541 1320 607 quadringentorum
1335 541 1538 602 ficlorum
1561 544 1746 604 argenti,
1780 544 1894 590 inter
1914 559 1978 591 me
2008 543 2063 592 ἑά
2087 546 2199 592 inter
2221 557 2278 603 te,
2313 551 2416 611 quid

420 615 533 670 hoc3
574 613 632 662 {9⁹
663 619 874 659 mortuum
909 619 1029 657 tuum
1057 607 1202 672 sepeli.
1275 608 1532 672 Respondit
1569 608 1763 671 Ephron
1787 608 2069 666 Abrahamo,
2121 611 2318 659 dicendo
2352 616 2411 671 ei,

423 679 646 744 fignificat
667 676 832 724 statum
856 676 1155 739 receptionis:
1196 674 1388 724 domine
1407 676 1490 732 mi,
1526 675 1633 723 audi
1656 690 1748 732 me,
1771 674 1994 739 fignificat
2016 675 2182 724 statum
2205 679 2411 741 primum

423 743 720 808 receptionis:
762 754 876 790 terra
912 741 1355 806 quadringentorum
1387 741 1599 789 ficlorum
1635 743 1825 805 argenti,
1861 741 2082 805 fignificat
2113 745 2311 806 pretium
2345 761 2412 791 re-

423 810 701 875 demptionis
723 825 804 872 per
825 824 1016 857 verum:
1043 809 1178 855 inter
1198 823 1272 855 me
1292 809 1344 856 δι
1366 807 1482 855 inter
1505 819 1551 855 te
1573 808 1686 871 quid
1706 807 1812 866 hoc,
1847 806 2066 871 fignificat
2096 809 2226 871 quod
2249 826 2414 856 annue-

423 888 510 934 ret,
543 875 618 925 sed
656 875 793 923 vellet
831 874 972 939 usque
1008 890 1032 921 a
1065 873 1230 921 semet:
1276 874 1328 921 80
1362 885 1597 922 mortuum
1620 885 1767 921 >tuum
1800 872 1949 937 sepeli,
1985 874 2220 938 fignificat,
2255 875 2330 923 hic
2365 888 2418 924 ut

415 944 568 1009 prius,
602 942 897 990 emersionem
920 957 946 988 e
968 939 1118 997 noite,
1152 940 1203 987 δε
1225 938 1598 989 resuscitationem
1631 940 1751 988 inde.
2306 980 2313 990 ,

495 1024 638 1075 2957.
674 1007 932 1072 Respondit
963 1005 1156 1070 Ephron
1178 1005 1461 1064 Abrahamo,
1497 1006 1693 1055 dicendo
1729 1008 1790 1064 ei,
1830 1006 1960 1070 quod
1997 1006 2220 1070 significet
2251 1007 2417 1055 statum

425 1075 710 1140 receptionis,
747 1072 920 1122 constat
953 1088 977 1120 a
1015 1072 1339 1136 significatione
1377 1072 1642 1137 respondere
1673 1088 1782 1120 cum
1814 1075 2044 1130 annuitur,
2080 1074 2206 1137 quod
2229 1074 2283 1121 fit
2305 1077 2417 1122 reci-

423 1158 549 1207 pere,
584 1141 643 1189 de
665 1157 756 1205 qua
779 1140 907 1204 supra
930 1155 959 1186 n
978 1157 990 1187 :
1012 1155 1134 1205 2941
1162 1160 1178 1195 3
1216 1138 1344 1202 quod
1372 1139 1428 1186 sit
1457 1138 1594 1186 status
1625 1140 1910 1203 receptionis,
1944 1141 2025 1203 qui
2049 1138 2121 1186 hic
2143 1140 2419 1204 significatur

429 1223 510 1272 per
530 1205 792 1270 respondere
815 1208 866 1253 δε
886 1205 1050 1262 dicere,
1087 1216 1211 1268 patet
1233 1220 1290 1252 ex
1312 1203 1610 1268 sequentibus.
2397 1226 2400 1229 ·

501 1278 644 1338 2958.
680 1272 883 1319 Domine
906 1272 989 1327 mi,
1025 1271 1129 1317 audi
1154 1286 1246 1326 me,
1282 1271 1408 1333 quod
1439 1270 1662 1334 significet
1695 1268 1860 1318 statum
1895 1271 2099 1335 primum
2136 1272 2422 1336 receptionis,

431 1341 568 1388 etiam
593 1338 766 1387 constat
789 1337 846 1384 ab
868 1337 954 1385 illis
976 1351 1083 1399 quae
1105 1335 1366 1399 sequuntur,
1402 1349 1502 1384 tum
1537 1336 1593 1384 ab
1627 1337 1715 1384 illis
1742 1353 1850 1400 quae
1872 1338 1992 1384 dicta
2025 1340 2150 1401 prius
2187 1355 2247 1385 n:
2271 1356 2419 1403 2945,

430 1406 511 1454 ubi
543 1406 700 1453 eadem
728 1404 880 1461 verba,
928 1402 1003 1450 sed
1035 1402 1099 1449 ibi
1138 1403 1334 1466 negatio,
1382 1402 1456 1450 hic
1494 1415 1647 1450 autem
1691 1403 1927 1450 affirmatio
1965 1404 2113 1452 adhuc
2151 1405 2418 1461 dubitativa,

430 1488 537 1520 nam
559 1472 726 1519 dicitur
749 1471 795 1517 in
821 1485 931 1518 mox
953 1467 1235 1532 sequentibus
1271 1470 1438 1516 “inter
1459 1484 1535 1516 me
1557 1471 1607 1516 &
1631 1470 1746 1516 inter
1767 1482 1812 1516 te
1834 1469 1946 1533 quid
1972 1469 2108 1526 hoc,’'
2141 1471 2306 1533 quibus
2329 1471 2418 1535 sig·

431 1538 640 1586 nificatur
661 1536 788 1598 quod
822 1546 1051 1589 annueret,
1086 1533 1162 1579 sed
1182 1533 1320 1579 vellet
1341 1533 1482 1595 usque
1517 1551 1543 1580 a
1576 1533 1743 1581 semet:
1783 1542 2013 1597 praeterea,
2051 1541 2086 1562 “
2110 1537 2313 1583 Domine
2337 1539 2419 1590 mi,

429 1603 538 1649 audi
563 1602 686 1657 rne‚”
709 1599 772 1647 est
792 1599 940 1646 modo
960 1595 1159 1646 formula
1181 1598 1408 1645 excitandi
1430 1597 1608 1645 alterius
1634 1599 1942 1657 reflexionem,
1967 1599 2043 1647 sed
2065 1600 2204 1664 usque
2226 1601 2423 1648 involvit

430 1668 595 1716 statum
627 1665 958 1731 propositionis.

502 1750 646 1799 2959.
683 1734 826 1780 Το113
863 1731 1302 1797 quadringentorum
1341 1730 1552 1780 siclorum
1592 1732 1783 1796 argenti,
1817 1731 1944 1796 quod
1980 1732 2201 1797 significet
2230 1734 2431 1796 pretium

437 1801 726 1848 redemtionis
749 1815 828 1863 per
851 1815 1029 1855 verum,
1064 1798 1235 1846 constat
1258 1814 1283 1846 a
1303 1797 1626 1861 significatione
1648 1799 2088 1862 quadringentorum
2113 1800 2342 1856 siclorum,
2366 1800 2424 1847 de

434 1882 526 1930 qua
546 1865 777 1930 sequitur·‚
813 1865 862 1912 &
886 1881 912 1912 a
940 1864 1264 1928 significatione
1303 1867 1493 1928 argenti,
1528 1865 1656 1929 quod
1695 1865 1750 1913 fit
1788 1881 1969 1923 verum,
2005 1866 2063 1914 de
2084 1882 2172 1930 qua
2195 1884 2250 1914 n:
2285 1883 2423 1929 1551.

436 1937 581 1993 2048.
609 1946 763 1997 29371
802 1931 948 1996 Qod
971 1931 1288 1995 quadringenti
1310 1930 1681 1994 ficli'fignificent
1703 1931 2029 1995 redemptionis
2066 1934 2283 1997 pretium,
2318 1932 2425 1979 inde

431 1998 516 2055 est,
550 2001 658 2062 quia
693 1998 1020 2061 quadringenta
1058 1997 1312 2061 significant
1349 1997 1661 2054 vastationem,
1697 1998 1749 2046 δι
1776 1997 1907 2045 siclus
1942 1999 2176 2062 pretium3
2211 1998 2324 2063 quid
2346 2013 2427 2044 va-

434 2064 582 2122 statio,
615 2064 823 2111 videatur
856 2081 918 2112 n:
946 2079 1073 2126 2455
1098 2062 1131 2110 f.
1160 2064 1302 2113 2682.
1323 2063 1466 2129 2694.
1486 2066 1629 2129 2699.
1651 2080 1794 2129 2701.
1821 2081 1968 2129 2704,
2002 2065 2129 2128 quod
2170 2081 2333 2128 nempe
2371 2064 2428 2112 sit

436 2131 624 2194 duplex,
660 2145 749 2177 una
772 2145 880 2178 cum
903 2130 1103 2178 Ecclefia
1125 2129 1302 2193 prorsus
1326 2132 1459 2194 perit,
1494 2130 1583 2178 1100
1614 2129 1694 2188 est,
1730 2145 1838 2178 curn
1867 2131 2061 2195 amplius
2099 2131 2220 2179 nulla
2242 2131 2428 2178 charitas

437 2209 516 2244 aut
539 2196 667 2254 fides,
703 2207 812 2244 tunc
835 2196 1002 2244 dicitur
1024 2195 1192 2244 vastata
1212 2195 1285 2244 seu
1307 2195 1430 2243 vasta
1447 2218 1464 2252 ;
1499 2196 1649 2253 altera,
1684 2204 1794 2244 cum
1818 2197 1900 2253 illi,
1935 2198 2016 2260 qui
2053 2197 2109 2244 ab
2131 2197 2346 2254 Ecclesia,
2381 2197 2430 2243 in

439 2262 606 2310 statum
631 2263 915 2325 ignorantiae,
950 2264 1000 2310 &
1022 2278 1207 2326 quoque
1229 2263 1503 2319 tentationis,
1540 2263 1824 2325 rediguntur,
1858 2262 1919 2310 ob
1943 2262 2118 2310 causam
2147 2275 2200 2310 ut
2237 2264 2356 2309 mala
2378 2263 2429 2308 δε

439 2325 544 2373 falsa
580 2328 703 2387 apud
739 2328 840 2374 illos
880 2327 1136 2390 separentur
1169 2329 1220 2375 δε
1255 2327 1378 2390 quasi
1411 2327 1725 2383 discutiantur,
1759 2329 1839 2390 qui
1861 2343 1886 2374 0
1910 2328 2153 2375 vastatione
2178 2328 2260 2375 hac
2283 2343 2428 2374 emer-

439 2405 576 2455 gunt,
613 2392 644 2438 ii
667 2391 768 2438 sunt
787 2393 868 2454 qui
891 2394 936 2437 in
962 2391 1104 2453 specie
1126 2405 1353 2439 vocantur
1375 2392 1616 2454 redempti,
1653 2408 1759 2439 narn
1791 2405 1900 2438 tunc
1925 2393 2203 2439 instruuntur
2226 2395 2272 2439 in
2297 2392 2428 2439 bonis

438 2459 489 2505 ὅτ
513 2458 628 2505 veris
652 2457 775 2514 fidei,
811 2472 862 2503 ac
896 2454 1195 2504 reformantur
1227 2457 1277 2504 &
1315 2470 1630 2519 regenerantur
1664 2473 1689 2504 a
1722 2458 1945 2514 Domino,
1981 2458 2037 2504 de
2059 2457 2225 2521 quibus
2247 2459 2294 2504 in
2318 2458 2429 2505 locis

437 2524 613 2571 citatis:
649 2522 754 2585 quia
786 2538 907 2568 nunc
930 2523 1294 2584 Qadringenta‚
1330 2538 1437 2569 cum
1476 2524 1780 2585 praedicantur
1802 2523 1859 2569 de
1882 2535 2101 2586 tempore,
2137 2538 2190 2572 ut
2215 2524 2427 2587 quadrin-

438 2590 566 2653 genti
605 2589 724 2644 anni,
755 2587 1012 2651 >significant
1040 2587 1295 2635 vastationis
1335 2588 1619 2634 durationem
1657 2589 1707 2635 &
1747 2587 1928 2646 statum,
1964 2590 2026 2636 ita
2057 2605 2166 2637 cum
2196 2590 2429 2655 Qadrin-

441 2667 576 2718 genta
603 2654 907 2718 praedicantur
938 2654 996 2700 de
1028 2653 1158 2709 siclis,
1194 2652 1445 2716 significant
1466 2653 1792 2716 redemptionis
1820 2656 2037 2717 pretium,
2074 2657 2123 2706 &
2147 2672 2254 2703 cum
2280 2658 2429 2703 nomi-

439 2733 575 2768 natur
598 2720 730 2768 {imul
753 2732 1008 2782 argentum,
1045 2720 1298 2782 significant
1337 2720 1662 2782 redemptionis
1698 2721 1897 2783 pretium
1936 2737 2015 2784 per
2038 2737 2214 2769 verum.
2284 2721 2430 2780 Quod

442 2787 759 2850 quadringenti
782 2788 885 2833 anni
909 2785 1160 2849 significent
1182 2785 1441 2832 vastationis
1467 2786 1752 2833 durationem
1779 2787 1826 2833 &
1850 2786 2032 2844 statum,
2068 2789 2203 2835 etiam
2229 2788 2429 2835 constare

443 2853 590 2915 potest
612 2852 790 2909 abillis,
826 2867 932 2914 quae
972 2852 1092 2898 (11613
1125 2850 1226 2898 sunt
1262 2853 1320 2898 ad
1344 2851 1679 2909 Abrahamum,
1717 2856 1751 2879 ‘⁶
1775 2852 1981 2913 Jehovah
2011 2853 2127 2907 dixit
2151 2855 2430 2912 AbrahamO,

443 2917 761 2981 cognoscendo
799 2916 1059 2980 cognosces,
1107 2917 1234 2980 quod
1275 2919 1568 2980 peregrinum
1609 2920 1694 2964 erit
1728 2916 1876 2966 semen
1912 2930 2044 2966 tuum
2085 2921 2131 2966 in
2168 2932 2299 2977 terra,
2340 2936 2433 2967 non

447 2983 553 3040 illis,
588 2985 637 3031 δε
676 2984 866 3031 servient
903 2983 1010 3040 illis,
1040 2985 1089 3031 δε
1124 2985 1331 3046 affligent
1368 2984 1469 3031 illos
1493 2983 1828 3046 Qadringentis
1851 2986 2022 3042 annis,”
2057 2986 2189 3034 Gen:
2212 3003 2308 3035 xv:
2340 3004 2392 3048 13
2418 3009 2433 3043 3

449 3048 527 3094 ubi
549 3050 772 3106 videatur,
808 3050 935 3113 quod
971 3065 1052 3112 per
1079 3049 1436 3113 quadringentos
1474 3065 1614 3096 annos
1646 3050 1920 3113 intelligatur
1949 3051 2126 3098 duratio
2148 3052 2347 3098 filiorum
2372 3051 2432 3098 Is-

446 3114 573 3164 raelis
595 3115 640 3162 in
659 3117 901 3181 AEgypto·,
938 3115 1012 3166 sed
1051 3115 1178 3183 quod
1218 3132 1314 3169 non
1351 3116 1528 3166 duratio
1564 3114 1750 3167 illorum
1789 3118 1834 3164 in
1851 3117 2065 3185 AEgypto
2097 3117 2150 3165 s1t
2172 3133 2276 3181 quae
2300 3118 2433 3178 figni-

1550 3182 1597 3233 O
2263 3182 2438 3243 fleatur,
