<?xml version="1.0" encoding="UTF-8"?>
<!DOCTYPE html PUBLIC "-//W3C//DTD XHTML 1.0 Transitional//EN"
    "http://www.w3.org/TR/xhtml1/DTD/xhtml1-transitional.dtd">
<html xmlns="http://www.w3.org/1999/xhtml" xml:lang="en" lang="en">
 <head>
  <title>
</title>
<meta http-equiv="Content-Type" content="text/html;charset=utf-8" />
  <meta name='ocr-system' content='tesseract 3.04.00' />
  <meta name='ocr-capabilities' content='ocr_page ocr_carea ocr_par ocr_line ocrx_word'/>
</head>
<body>
  <div class='ocr_page' id='page_1' title='image "arcanacaelestiaq03sweduoft_0175.png"; bbox 0 0 2872 3730; ppageno 0'>
   <div class='ocr_carea' id='block_1_1' title="bbox 573 186 2415 291">
    <p class='ocr_par' dir='ltr' id='par_1_1' title="bbox 573 186 2415 291">
     <span class='ocr_line' id='line_1_1' title="bbox 573 186 2415 291; baseline -0.001 -17"><span class='ocrx_word' id='word_1_1' title='bbox 573 205 1598 281; x_wconf 65' lang='lat' dir='ltr'>CAPUT.‘VrGESIMUM.</span> <span class='ocrx_word' id='word_1_2' title='bbox 1644 186 2186 291; x_wconf 72' lang='lat' dir='ltr'>QUARTUM.</span> <span class='ocrx_word' id='word_1_3' title='bbox 2279 227 2415 289; x_wconf 62' lang='lat'>1712</span> 
     </span>
    </p>
   </div>
   <div class='ocr_carea' id='block_1_2' title="bbox 350 335 2442 3308">
    <p class='ocr_par' dir='ltr' id='par_1_2' title="bbox 401 335 2414 669">
     <span class='ocr_line' id='line_1_2' title="bbox 404 335 2401 468; baseline -0.002 -13"><span class='ocrx_word' id='word_1_4' title='bbox 404 336 1555 468; x_wconf 50' lang='lat' dir='ltr'>120335131‘mffiffiifffgqslsstvffigssifinssffissffi</span> <span class='ocrx_word' id='word_1_5' title='bbox 1579 335 1732 468; x_wconf 56' lang='lat'>5210?</span> <span class='ocrx_word' id='word_1_6' title='bbox 1730 348 1793 449; x_wconf 67' lang='grc' dir='ltr'>ἓξ·</span> <span class='ocrx_word' id='word_1_7' title='bbox 1805 336 2270 466; x_wconf 52' lang='grc' dir='ltr'>ἕέἒζῗὲἔΐέζέἵῖ</span> <span class='ocrx_word' id='word_1_8' title='bbox 2288 352 2401 466; x_wconf 64' lang='grc' dir='ltr'>ἓὲῗῖ</span> 
     </span>
     <span class='ocr_line' id='line_1_3' title="bbox 405 467 2404 538; baseline -0.004 -15"><span class='ocrx_word' id='word_1_9' title='bbox 405 492 431 523; x_wconf 79' lang='lat'><em>2</em></span> <span class='ocrx_word' id='word_1_10' title='bbox 440 492 465 538; x_wconf 85' lang='lat'>3</span> <span class='ocrx_word' id='word_1_11' title='bbox 473 492 498 537; x_wconf 87' lang='lat'>3</span> <span class='ocrx_word' id='word_1_12' title='bbox 505 491 531 538; x_wconf 84' lang='lat'><strong>3</strong></span> <span class='ocrx_word' id='word_1_13' title='bbox 554 495 571 530; x_wconf 75' lang='lat'>3</span> <span class='ocrx_word' id='word_1_14' title='bbox 606 474 680 521; x_wconf 84' lang='lat' dir='ltr'>hic</span> <span class='ocrx_word' id='word_1_15' title='bbox 720 474 768 520; x_wconf 89' lang='lat' dir='ltr'>in</span> <span class='ocrx_word' id='word_1_16' title='bbox 790 473 879 529; x_wconf 80' lang='lat' dir='ltr'>via,</span> <span class='ocrx_word' id='word_1_17' title='bbox 913 469 1041 534; x_wconf 85' lang='lat' dir='ltr'>quod</span> <span class='ocrx_word' id='word_1_18' title='bbox 1077 470 1133 518; x_wconf 79' lang='lat' dir='ltr'>sit</span> <span class='ocrx_word' id='word_1_19' title='bbox 1170 467 1432 533; x_wconf 62' lang='lat' dir='ltr'>conjunctio</span> <span class='ocrx_word' id='word_1_20' title='bbox 1462 471 1559 518; x_wconf 89' lang='lat' dir='ltr'>veri</span> <span class='ocrx_word' id='word_1_21' title='bbox 1582 484 1692 517; x_wconf 90' lang='lat' dir='ltr'>cum</span> <span class='ocrx_word' id='word_1_22' title='bbox 1714 469 1839 516; x_wconf 93' lang='lat' dir='ltr'>bono</span> <span class='ocrx_word' id='word_1_23' title='bbox 1872 469 1919 515; x_wconf 90' lang='lat' dir='ltr'>in</span> <span class='ocrx_word' id='word_1_24' title='bbox 1957 469 2176 524; x_wconf 82' lang='lat' dir='ltr'>rationali,</span> <span class='ocrx_word' id='word_1_25' title='bbox 2212 471 2320 532; x_wconf 87' lang='lat' dir='ltr'>quia</span> <span class='ocrx_word' id='word_1_26' title='bbox 2352 471 2404 515; x_wconf 82' lang='lat' dir='ltr'>in</span> 
     </span>
     <span class='ocr_line' id='line_1_4' title="bbox 402 534 2401 602; baseline -0.004 -14"><span class='ocrx_word' id='word_1_27' title='bbox 402 540 493 599; x_wconf 86' lang='lat' dir='ltr'>hoc</span> <span class='ocrx_word' id='word_1_28' title='bbox 515 540 676 602; x_wconf 83' lang='lat' dir='ltr'>Capite</span> <span class='ocrx_word' id='word_1_29' title='bbox 696 538 755 584; x_wconf 93' lang='lat' dir='ltr'>de</span> <span class='ocrx_word' id='word_1_30' title='bbox 777 537 854 584; x_wconf 89' lang='lat' dir='ltr'>illa</span> <span class='ocrx_word' id='word_1_31' title='bbox 875 553 924 584; x_wconf 91' lang='lat' dir='ltr'>re</span> <span class='ocrx_word' id='word_1_32' title='bbox 944 537 1113 599; x_wconf 87' lang='lat' dir='ltr'>agitur,</span> <span class='ocrx_word' id='word_1_33' title='bbox 1136 536 1347 584; x_wconf 88' lang='lat' dir='ltr'>videatur</span> <span class='ocrx_word' id='word_1_34' title='bbox 1368 554 1399 584; x_wconf 91' lang='lat' dir='ltr'>n</span> <span class='ocrx_word' id='word_1_35' title='bbox 1419 555 1431 586; x_wconf 90' lang='lat'><strong>:</strong></span> <span class='ocrx_word' id='word_1_36' title='bbox 1455 553 1601 599; x_wconf 85' lang='lat'><strong>30¹2·</strong></span> <span class='ocrx_word' id='word_1_37' title='bbox 1628 553 1753 598; x_wconf 84' lang='lat'>3013</span> <span class='ocrx_word' id='word_1_38' title='bbox 1779 557 1794 591; x_wconf 83' lang='lat'>3</span> <span class='ocrx_word' id='word_1_39' title='bbox 1840 547 1951 582; x_wconf 91' lang='lat' dir='ltr'>tunc</span> <span class='ocrx_word' id='word_1_40' title='bbox 1974 534 2097 582; x_wconf 90' lang='lat' dir='ltr'>enim</span> <span class='ocrx_word' id='word_1_41' title='bbox 2122 534 2288 582; x_wconf 89' lang='lat' dir='ltr'>dicitur</span> <span class='ocrx_word' id='word_1_42' title='bbox 2319 535 2401 581; x_wconf 89' lang='lat' dir='ltr'>ali·</span> 
     </span>
     <span class='ocr_line' id='line_1_5' title="bbox 401 601 2414 669; baseline -0 -17"><span class='ocrx_word' id='word_1_43' title='bbox 401 605 505 669; x_wconf 87' lang='lat' dir='ltr'>quis</span> <span class='ocrx_word' id='word_1_44' title='bbox 527 605 610 651; x_wconf 87' lang='lat' dir='ltr'>effe</span> <span class='ocrx_word' id='word_1_45' title='bbox 632 605 681 650; x_wconf 88' lang='lat' dir='ltr'>in</span> <span class='ocrx_word' id='word_1_46' title='bbox 702 604 795 660; x_wconf 83' lang='lat' dir='ltr'>via,</span> <span class='ocrx_word' id='word_1_47' title='bbox 819 618 930 650; x_wconf 90' lang='lat' dir='ltr'>cum</span> <span class='ocrx_word' id='word_1_48' title='bbox 953 601 1079 659; x_wconf 88' lang='lat' dir='ltr'>illuc,</span> <span class='ocrx_word' id='word_1_49' title='bbox 1103 618 1200 666; x_wconf 91' lang='lat' dir='ltr'>quo</span> <span class='ocrx_word' id='word_1_50' title='bbox 1221 603 1434 660; x_wconf 85' lang='lat' dir='ltr'><strong>intendit,</strong></span> <span class='ocrx_word' id='word_1_51' title='bbox 1468 602 1777 666; x_wconf 85' lang='lat' dir='ltr'>progreditur.</span> <span class='ocrx_word' id='word_1_52' title='bbox 2397 624 2414 651; x_wconf 74' lang='grc'>·,</span> 
     </span>
    </p>

    <p class='ocr_par' dir='ltr' id='par_1_3' title="bbox 398 666 2411 1066">
     <span class='ocr_line' id='line_1_6' title="bbox 456 666 2403 734; baseline -0.003 -15"><span class='ocrx_word' id='word_1_53' title='bbox 456 722 457 725; x_wconf 53' lang='lat'>,</span> <span class='ocrx_word' id='word_1_54' title='bbox 472 686 616 733; x_wconf 83' lang='lat'>3124.</span> <span class='ocrx_word' id='word_1_55' title='bbox 652 669 800 734; x_wconf 82' lang='lat' dir='ltr'>Qod</span> <span class='ocrx_word' id='word_1_56' title='bbox 836 668 971 717; x_wconf 84' lang='lat' dir='ltr'>duxit</span> <span class='ocrx_word' id='word_1_57' title='bbox 1007 685 1084 719; x_wconf 85' lang='lat' dir='ltr'>me</span> <span class='ocrx_word' id='word_1_58' title='bbox 1104 669 1313 731; x_wconf 74' lang='lat' dir='ltr'>—Jehovah</span> <span class='ocrx_word' id='word_1_59' title='bbox 1350 669 1547 718; x_wconf 91' lang='lat' dir='ltr'>domum</span> <span class='ocrx_word' id='word_1_60' title='bbox 1586 667 1779 716; x_wconf 88' lang='lat' dir='ltr'>fratrum</span> <span class='ocrx_word' id='word_1_61' title='bbox 1820 667 1999 717; x_wconf 88' lang='lat' dir='ltr'>domini</span> <span class='ocrx_word' id='word_1_62' title='bbox 2035 667 2142 723; x_wconf 90' lang='lat' dir='ltr'>mei,</span> <span class='ocrx_word' id='word_1_63' title='bbox 2177 666 2403 730; x_wconf 75' lang='lat' dir='ltr'>significet·</span> 
     </span>
     <span class='ocr_line' id='line_1_7' title="bbox 400 732 2401 802; baseline -0.002 -18"><span class='ocrx_word' id='word_1_64' title='bbox 400 735 528 802; x_wconf 89' lang='lat' dir='ltr'>quod</span> <span class='ocrx_word' id='word_1_65' title='bbox 552 734 617 792; x_wconf 0' lang='lat' dir='ltr'>aad</span> <span class='ocrx_word' id='word_1_66' title='bbox 650 734 824 783; x_wconf 89' lang='lat' dir='ltr'>bonum</span> <span class='ocrx_word' id='word_1_67' title='bbox 854 737 968 792; x_wconf 81' lang='lat' dir='ltr'>veri,</span> <span class='ocrx_word' id='word_1_68' title='bbox 1018 736 1192 784; x_wconf 87' lang='lat' dir='ltr'>constat</span> <span class='ocrx_word' id='word_1_69' title='bbox 1230 752 1257 785; x_wconf 89' lang='lat' dir='ltr'>a</span> <span class='ocrx_word' id='word_1_70' title='bbox 1291 736 1616 800; x_wconf 85' lang='lat' dir='ltr'>fignificatione</span> <span class='ocrx_word' id='word_1_71' title='bbox 1655 732 1847 782; x_wconf 87' lang='lat' dir='ltr'>fratrum</span> <span class='ocrx_word' id='word_1_72' title='bbox 1886 734 2073 790; x_wconf 90' lang='lat' dir='ltr'>domus,</span> <span class='ocrx_word' id='word_1_73' title='bbox 2107 748 2164 780; x_wconf 89' lang='lat' dir='ltr'>ex</span> <span class='ocrx_word' id='word_1_74' title='bbox 2196 749 2286 795; x_wconf 89' lang='lat' dir='ltr'>qua</span> <span class='ocrx_word' id='word_1_75' title='bbox 2309 734 2401 780; x_wconf 89' lang='lat' dir='ltr'>Re-</span> 
     </span>
     <span class='ocr_line' id='line_1_8' title="bbox 399 798 2411 867; baseline -0.003 -16"><span class='ocrx_word' id='word_1_76' title='bbox 399 803 549 858; x_wconf 78' lang='lat' dir='ltr'>becca,</span> <span class='ocrx_word' id='word_1_77' title='bbox 584 802 713 866; x_wconf 90' lang='lat' dir='ltr'>quod</span> <span class='ocrx_word' id='word_1_78' title='bbox 741 801 795 849; x_wconf 87' lang='lat' dir='ltr'>fit</span> <span class='ocrx_word' id='word_1_79' title='bbox 818 801 993 850; x_wconf 90' lang='lat' dir='ltr'>bonum</span> <span class='ocrx_word' id='word_1_80' title='bbox 1014 817 1072 850; x_wconf 87' lang='lat' dir='ltr'>ex</span> <span class='ocrx_word' id='word_1_81' title='bbox 1093 819 1190 867; x_wconf 90' lang='lat' dir='ltr'>quo</span> <span class='ocrx_word' id='word_1_82' title='bbox 1208 812 1369 851; x_wconf 88' lang='lat' dir='ltr'>verum</span> <span class='ocrx_word' id='word_1_83' title='bbox 1391 822 1402 851; x_wconf 91' lang='lat'>:</span> <span class='ocrx_word' id='word_1_84' title='bbox 1439 801 1567 866; x_wconf 91' lang='lat' dir='ltr'>quod</span> <span class='ocrx_word' id='word_1_85' title='bbox 1599 801 1769 849; x_wconf 88' lang='lat' dir='ltr'>domus</span> <span class='ocrx_word' id='word_1_86' title='bbox 1804 798 1997 853; x_wconf 81' lang='lat' dir='ltr'>fratrum</span> <span class='ocrx_word' id='word_1_87' title='bbox 2022 800 2075 847; x_wconf 85' lang='lat' dir='ltr'>fit</span> <span class='ocrx_word' id='word_1_88' title='bbox 2097 799 2291 855; x_wconf 89' lang='lat' dir='ltr'>bonum,</span> <span class='ocrx_word' id='word_1_89' title='bbox 2326 799 2411 846; x_wconf 77' lang='lat' dir='ltr'>hie.</span> 
     </span>
     <span class='ocr_line' id='line_1_9' title="bbox 398 865 2402 934; baseline -0.002 -18"><span class='ocrx_word' id='word_1_90' title='bbox 398 885 456 916; x_wconf 89' lang='lat' dir='ltr'>ex</span> <span class='ocrx_word' id='word_1_91' title='bbox 494 884 590 932; x_wconf 90' lang='lat' dir='ltr'>quo</span> <span class='ocrx_word' id='word_1_92' title='bbox 628 884 809 926; x_wconf 87' lang='lat' dir='ltr'>verum,</span> <span class='ocrx_word' id='word_1_93' title='bbox 863 868 1037 917; x_wconf 89' lang='lat' dir='ltr'>constat</span> <span class='ocrx_word' id='word_1_94' title='bbox 1073 885 1100 917; x_wconf 91' lang='lat' dir='ltr'>a</span> <span class='ocrx_word' id='word_1_95' title='bbox 1135 869 1465 934; x_wconf 82' lang='lat' dir='ltr'>fignificatione</span> <span class='ocrx_word' id='word_1_96' title='bbox 1507 870 1676 915; x_wconf 87' lang='lat' dir='ltr'>domus</span> <span class='ocrx_word' id='word_1_97' title='bbox 1714 867 1842 931; x_wconf 92' lang='lat' dir='ltr'>quod</span> <span class='ocrx_word' id='word_1_98' title='bbox 1881 867 1935 914; x_wconf 86' lang='lat' dir='ltr'>fit</span> <span class='ocrx_word' id='word_1_99' title='bbox 1975 866 2168 923; x_wconf 90' lang='lat' dir='ltr'>bonum,</span> <span class='ocrx_word' id='word_1_100' title='bbox 2212 865 2270 912; x_wconf 93' lang='lat' dir='ltr'>de</span> <span class='ocrx_word' id='word_1_101' title='bbox 2307 880 2402 928; x_wconf 89' lang='lat' dir='ltr'>qua</span> 
     </span>
     <span class='ocr_line' id='line_1_10' title="bbox 399 934 2398 1000; baseline -0.002 -18"><span class='ocrx_word' id='word_1_102' title='bbox 399 952 460 984; x_wconf 90' lang='lat' dir='ltr'>n:</span> <span class='ocrx_word' id='word_1_103' title='bbox 490 951 630 999; x_wconf 84' lang='lat'>2233·</span> <span class='ocrx_word' id='word_1_104' title='bbox 658 952 984 1000; x_wconf 55' lang='lat'><strong>2234225593</strong></span> <span class='ocrx_word' id='word_1_105' title='bbox 1018 936 1070 984; x_wconf 79' lang='grc' dir='ltr'>δε</span> <span class='ocrx_word' id='word_1_106' title='bbox 1092 934 1281 984; x_wconf 87' lang='lat' dir='ltr'>fratrum</span> <span class='ocrx_word' id='word_1_107' title='bbox 1320 935 1448 1000; x_wconf 91' lang='lat' dir='ltr'>quod</span> <span class='ocrx_word' id='word_1_108' title='bbox 1487 934 1541 982; x_wconf 88' lang='lat' dir='ltr'>fit</span> <span class='ocrx_word' id='word_1_109' title='bbox 1577 934 1699 983; x_wconf 81' lang='lat' dir='ltr'>unde</span> <span class='ocrx_word' id='word_1_110' title='bbox 1738 934 1785 981; x_wconf 87' lang='lat' dir='ltr'>id</span> <span class='ocrx_word' id='word_1_111' title='bbox 1826 934 2001 982; x_wconf 90' lang='lat' dir='ltr'>bonum</span> <span class='ocrx_word' id='word_1_112' title='bbox 2022 949 2079 981; x_wconf 86' lang='lat' dir='ltr'>ex</span> <span class='ocrx_word' id='word_1_113' title='bbox 2101 948 2196 996; x_wconf 91' lang='lat' dir='ltr'>quo</span> <span class='ocrx_word' id='word_1_114' title='bbox 2218 947 2398 985; x_wconf 86' lang='lat' dir='ltr'>verum,</span> 
     </span>
     <span class='ocr_line' id='line_1_11' title="bbox 398 1001 1297 1066; baseline 0 -17"><span class='ocrx_word' id='word_1_115' title='bbox 398 1001 527 1066; x_wconf 85' lang='lat' dir='ltr'>quod</span> <span class='ocrx_word' id='word_1_116' title='bbox 555 1017 637 1065; x_wconf 90' lang='lat' dir='ltr'>per</span> <span class='ocrx_word' id='word_1_117' title='bbox 658 1002 914 1050; x_wconf 85' lang='lat' dir='ltr'>Rebeccam</span> <span class='ocrx_word' id='word_1_118' title='bbox 940 1001 1297 1066; x_wconf 83' lang='lat' dir='ltr'>repraesentatur.</span> 
     </span>
    </p>

    <p class='ocr_par' dir='ltr' id='par_1_4' title="bbox 395 1066 2422 1926">
     <span class='ocr_line' id='line_1_12' title="bbox 469 1066 2398 1133; baseline -0.003 -17"><span class='ocrx_word' id='word_1_119' title='bbox 469 1084 612 1132; x_wconf 84' lang='lat'><strong>3125.</strong></span> <span class='ocrx_word' id='word_1_120' title='bbox 649 1068 703 1116; x_wconf 90' lang='lat' dir='ltr'>In</span> <span class='ocrx_word' id='word_1_121' title='bbox 727 1067 813 1115; x_wconf 90' lang='lat' dir='ltr'>illis</span> <span class='ocrx_word' id='word_1_122' title='bbox 834 1083 941 1133; x_wconf 87' lang='lat' dir='ltr'>quae</span> <span class='ocrx_word' id='word_1_123' title='bbox 972 1069 1255 1133; x_wconf 74' lang='lat' dir='ltr'>praecedunt,</span> <span class='ocrx_word' id='word_1_124' title='bbox 1291 1070 1443 1119; x_wconf 64' lang='lat' dir='ltr'>actum</span> <span class='ocrx_word' id='word_1_125' title='bbox 1481 1067 1545 1117; x_wconf 89' lang='lat' dir='ltr'>est</span> <span class='ocrx_word' id='word_1_126' title='bbox 1578 1067 1638 1115; x_wconf 90' lang='lat' dir='ltr'>de</span> <span class='ocrx_word' id='word_1_127' title='bbox 1674 1067 1985 1132; x_wconf 76' lang='lat' dir='ltr'>exploratione</span> <span class='ocrx_word' id='word_1_128' title='bbox 2006 1068 2102 1114; x_wconf 89' lang='lat' dir='ltr'>veri</span> <span class='ocrx_word' id='word_1_129' title='bbox 2137 1066 2266 1129; x_wconf 89' lang='lat' dir='ltr'>quod</span> <span class='ocrx_word' id='word_1_130' title='bbox 2290 1080 2398 1112; x_wconf 86' lang='lat' dir='ltr'>con-</span> 
     </span>
     <span class='ocr_line' id='line_1_13' title="bbox 395 1132 2401 1199; baseline -0.002 -16"><span class='ocrx_word' id='word_1_131' title='bbox 395 1132 692 1198; x_wconf 83' lang='lat' dir='ltr'>jungendum</span> <span class='ocrx_word' id='word_1_132' title='bbox 734 1134 857 1183; x_wconf 89' lang='lat' dir='ltr'>bono</span> <span class='ocrx_word' id='word_1_133' title='bbox 895 1136 941 1182; x_wconf 85' lang='lat' dir='ltr'>in</span> <span class='ocrx_word' id='word_1_134' title='bbox 978 1136 1227 1193; x_wconf 86' lang='lat' dir='ltr'>Rationali,</span> <span class='ocrx_word' id='word_1_135' title='bbox 1273 1136 1428 1199; x_wconf 87' lang='lat' dir='ltr'>quoad</span> <span class='ocrx_word' id='word_1_136' title='bbox 1466 1136 1789 1191; x_wconf 87' lang='lat' dir='ltr'>innocentiam,</span> <span class='ocrx_word' id='word_1_137' title='bbox 1832 1134 1986 1198; x_wconf 87' lang='lat' dir='ltr'>quoad</span> <span class='ocrx_word' id='word_1_138' title='bbox 2025 1133 2307 1188; x_wconf 88' lang='lat' dir='ltr'>charitatem,</span> <span class='ocrx_word' id='word_1_139' title='bbox 2350 1133 2401 1178; x_wconf 72' lang='grc' dir='ltr'>δε</span> 
     </span>
     <span class='ocr_line' id='line_1_14' title="bbox 402 1199 2401 1264; baseline -0.002 -15"><span class='ocrx_word' id='word_1_140' title='bbox 402 1200 555 1264; x_wconf 91' lang='lat' dir='ltr'>quoad</span> <span class='ocrx_word' id='word_1_141' title='bbox 588 1202 851 1263; x_wconf 82' lang='lat' dir='ltr'>originem;</span> <span class='ocrx_word' id='word_1_142' title='bbox 882 1217 994 1248; x_wconf 89' lang='lat' dir='ltr'>nam</span> <span class='ocrx_word' id='word_1_143' title='bbox 1028 1203 1246 1264; x_wconf 77' lang='lat' dir='ltr'>quoniam</span> <span class='ocrx_word' id='word_1_144' title='bbox 1285 1203 1518 1249; x_wconf 88' lang='lat' dir='ltr'>Dominus</span> <span class='ocrx_word' id='word_1_145' title='bbox 1557 1199 1690 1248; x_wconf 88' lang='lat' dir='ltr'>suum</span> <span class='ocrx_word' id='word_1_146' title='bbox 1720 1199 1956 1248; x_wconf 83' lang='lat' dir='ltr'>Rationale</span> <span class='ocrx_word' id='word_1_147' title='bbox 1998 1215 2055 1246; x_wconf 85' lang='lat' dir='ltr'>ex</span> <span class='ocrx_word' id='word_1_148' title='bbox 2091 1199 2274 1263; x_wconf 86' lang='lat' dir='ltr'>propria</span> <span class='ocrx_word' id='word_1_149' title='bbox 2318 1213 2401 1261; x_wconf 83' lang='lat' dir='ltr'>po·</span> 
     </span>
     <span class='ocr_line' id='line_1_15' title="bbox 403 1263 2402 1332; baseline -0.002 -18"><span class='ocrx_word' id='word_1_150' title='bbox 403 1268 541 1316; x_wconf 88' lang='lat' dir='ltr'>tentia</span> <span class='ocrx_word' id='word_1_151' title='bbox 561 1267 790 1314; x_wconf 88' lang='lat' dir='ltr'>Divinum</span> <span class='ocrx_word' id='word_1_152' title='bbox 815 1265 938 1324; x_wconf 79' lang='lat' dir='ltr'>fecit,</span> <span class='ocrx_word' id='word_1_153' title='bbox 973 1267 1088 1316; x_wconf 88' lang='lat' dir='ltr'>ficut</span> <span class='ocrx_word' id='word_1_154' title='bbox 1121 1268 1274 1332; x_wconf 89' lang='lat' dir='ltr'>quoad</span> <span class='ocrx_word' id='word_1_155' title='bbox 1314 1267 1492 1317; x_wconf 88' lang='lat' dir='ltr'>bonum</span> <span class='ocrx_word' id='word_1_156' title='bbox 1526 1269 1586 1315; x_wconf 87' lang='lat' dir='ltr'>ita</span> <span class='ocrx_word' id='word_1_157' title='bbox 1617 1267 1770 1331; x_wconf 88' lang='lat' dir='ltr'>quoad</span> <span class='ocrx_word' id='word_1_158' title='bbox 1794 1282 1974 1322; x_wconf 87' lang='lat' dir='ltr'>verum,</span> <span class='ocrx_word' id='word_1_159' title='bbox 2010 1265 2183 1316; x_wconf 85' lang='lat' dir='ltr'>idcirco</span> <span class='ocrx_word' id='word_1_160' title='bbox 2204 1263 2302 1329; x_wconf 89' lang='lat' dir='ltr'>Ipse</span> <span class='ocrx_word' id='word_1_161' title='bbox 2325 1280 2402 1311; x_wconf 83' lang='lat' dir='ltr'>ex-</span> 
     </span>
     <span class='ocr_line' id='line_1_16' title="bbox 403 1331 2400 1398; baseline -0.002 -19"><span class='ocrx_word' id='word_1_162' title='bbox 403 1333 602 1396; x_wconf 79' lang='lat' dir='ltr'>ploravit</span> <span class='ocrx_word' id='word_1_163' title='bbox 635 1348 815 1391; x_wconf 72' lang='lat' dir='ltr'>verum‚</span> <span class='ocrx_word' id='word_1_164' title='bbox 832 1333 978 1396; x_wconf 10' lang='lat' dir='ltr'>*quod</span> <span class='ocrx_word' id='word_1_165' title='bbox 1018 1331 1260 1398; x_wconf 82' lang='lat' dir='ltr'>conjunxit</span> <span class='ocrx_word' id='word_1_166' title='bbox 1296 1334 1450 1383; x_wconf 91' lang='lat' dir='ltr'>bono:</span> <span class='ocrx_word' id='word_1_167' title='bbox 1486 1333 1610 1398; x_wconf 90' lang='lat' dir='ltr'>apud</span> <span class='ocrx_word' id='word_1_168' title='bbox 1648 1333 1856 1381; x_wconf 87' lang='lat' dir='ltr'>homines</span> <span class='ocrx_word' id='word_1_169' title='bbox 1895 1344 2050 1383; x_wconf 79' lang='lat' dir='ltr'>autem</span> <span class='ocrx_word' id='word_1_170' title='bbox 2089 1347 2252 1379; x_wconf 84' lang='lat' dir='ltr'>verum</span> <span class='ocrx_word' id='word_1_171' title='bbox 2292 1346 2400 1378; x_wconf 88' lang='lat' dir='ltr'>con-</span> 
     </span>
     <span class='ocr_line' id='line_1_17' title="bbox 397 1397 2405 1465; baseline -0.003 -16"><span class='ocrx_word' id='word_1_172' title='bbox 397 1398 613 1463; x_wconf 86' lang='lat' dir='ltr'>jungitur</span> <span class='ocrx_word' id='word_1_173' title='bbox 648 1398 774 1448; x_wconf 83' lang='lat' dir='ltr'>bono</span> <span class='ocrx_word' id='word_1_174' title='bbox 803 1398 1030 1464; x_wconf 77' lang='lat' dir='ltr'>nusquam</span> <span class='ocrx_word' id='word_1_175' title='bbox 1060 1415 1118 1448; x_wconf 83' lang='lat' dir='ltr'>ex</span> <span class='ocrx_word' id='word_1_176' title='bbox 1150 1404 1349 1465; x_wconf 90' lang='lat' dir='ltr'>propria,</span> <span class='ocrx_word' id='word_1_177' title='bbox 1385 1401 1461 1448; x_wconf 91' lang='lat' dir='ltr'>sed</span> <span class='ocrx_word' id='word_1_178' title='bbox 1483 1417 1540 1449; x_wconf 87' lang='lat' dir='ltr'>ex</span> <span class='ocrx_word' id='word_1_179' title='bbox 1561 1401 1755 1449; x_wconf 86' lang='lat' dir='ltr'>Domini</span> <span class='ocrx_word' id='word_1_180' title='bbox 1780 1401 2026 1464; x_wconf 25' lang='lat' dir='ltr'>*potentia3</span> <span class='ocrx_word' id='word_1_181' title='bbox 2059 1397 2188 1462; x_wconf 91' lang='lat' dir='ltr'>quod</span> <span class='ocrx_word' id='word_1_182' title='bbox 2217 1397 2405 1447; x_wconf 84' lang='lat' dir='ltr'>evidens</span> 
     </span>
     <span class='ocr_line' id='line_1_18' title="bbox 406 1462 2402 1530; baseline -0.003 -16"><span class='ocrx_word' id='word_1_183' title='bbox 406 1465 555 1529; x_wconf 88' lang='lat' dir='ltr'>potest</span> <span class='ocrx_word' id='word_1_184' title='bbox 575 1465 660 1513; x_wconf 80' lang='lat' dir='ltr'>effe</span> <span class='ocrx_word' id='word_1_185' title='bbox 683 1481 742 1513; x_wconf 81' lang='lat' dir='ltr'>ex</span> <span class='ocrx_word' id='word_1_186' title='bbox 763 1482 840 1524; x_wconf 83' lang='lat' dir='ltr'>eo,</span> <span class='ocrx_word' id='word_1_187' title='bbox 875 1466 1005 1530; x_wconf 90' lang='lat' dir='ltr'>quod</span> <span class='ocrx_word' id='word_1_188' title='bbox 1041 1482 1179 1515; x_wconf 90' lang='lat' dir='ltr'>omne</span> <span class='ocrx_word' id='word_1_189' title='bbox 1217 1467 1394 1515; x_wconf 91' lang='lat' dir='ltr'>bonum</span> <span class='ocrx_word' id='word_1_190' title='bbox 1417 1469 1653 1518; x_wconf 86' lang='lat' dir='ltr'>&amp;verum</span> <span class='ocrx_word' id='word_1_191' title='bbox 1685 1467 1842 1514; x_wconf 88' lang='lat' dir='ltr'>influat</span> <span class='ocrx_word' id='word_1_192' title='bbox 1873 1482 1898 1513; x_wconf 89' lang='lat' dir='ltr'>a</span> <span class='ocrx_word' id='word_1_193' title='bbox 1919 1466 2145 1520; x_wconf 86' lang='lat' dir='ltr'>Domino,</span> <span class='ocrx_word' id='word_1_194' title='bbox 2181 1462 2402 1528; x_wconf 89' lang='lat' dir='ltr'>quodque</span> 
     </span>
     <span class='ocr_line' id='line_1_19' title="bbox 404 1528 2411 1594; baseline -0.002 -14"><span class='ocrx_word' id='word_1_195' title='bbox 404 1533 557 1580; x_wconf 87' lang='lat' dir='ltr'>omnis</span> <span class='ocrx_word' id='word_1_196' title='bbox 577 1530 842 1579; x_wconf 86' lang='lat' dir='ltr'>reformatio</span> <span class='ocrx_word' id='word_1_197' title='bbox 861 1532 915 1578; x_wconf 75' lang='grc' dir='ltr'>δε</span> <span class='ocrx_word' id='word_1_198' title='bbox 937 1533 1217 1594; x_wconf 82' lang='lat' dir='ltr'>regeneratio</span> <span class='ocrx_word' id='word_1_199' title='bbox 1245 1533 1301 1580; x_wconf 88' lang='lat' dir='ltr'>fit</span> <span class='ocrx_word' id='word_1_200' title='bbox 1329 1549 1355 1580; x_wconf 89' lang='lat' dir='ltr'>a</span> <span class='ocrx_word' id='word_1_201' title='bbox 1377 1534 1604 1589; x_wconf 88' lang='lat' dir='ltr'>Domino,</span> <span class='ocrx_word' id='word_1_202' title='bbox 1639 1532 1690 1579; x_wconf 73' lang='grc' dir='ltr'>δι</span> <span class='ocrx_word' id='word_1_203' title='bbox 1715 1532 1841 1594; x_wconf 86' lang='lat' dir='ltr'>quod</span> <span class='ocrx_word' id='word_1_204' title='bbox 1866 1531 2008 1579; x_wconf 86' lang='lat' dir='ltr'>homo</span> <span class='ocrx_word' id='word_1_205' title='bbox 2033 1547 2088 1578; x_wconf 93' lang='lat' dir='ltr'>ne</span> <span class='ocrx_word' id='word_1_206' title='bbox 2124 1530 2272 1578; x_wconf 83' lang='lat' dir='ltr'>hilum</span> <span class='ocrx_word' id='word_1_207' title='bbox 2301 1528 2411 1576; x_wconf 84' lang='lat' dir='ltr'>sciat</span> 
     </span>
     <span class='ocr_line' id='line_1_20' title="bbox 403 1595 2422 1662; baseline -0 -18"><span class='ocrx_word' id='word_1_208' title='bbox 403 1596 646 1660; x_wconf 86' lang='lat' dir='ltr'>quomodo</span> <span class='ocrx_word' id='word_1_209' title='bbox 678 1608 963 1659; x_wconf 83' lang='lat' dir='ltr'>regeneratur</span> <span class='ocrx_word' id='word_1_210' title='bbox 980 1618 997 1653; x_wconf 65' lang='grc' dir='ltr'><strong><em>ς</em></strong></span> <span class='ocrx_word' id='word_1_211' title='bbox 1044 1597 1180 1646; x_wconf 90' lang='lat' dir='ltr'>hodie</span> <span class='ocrx_word' id='word_1_212' title='bbox 1219 1613 1276 1645; x_wconf 83' lang='lat' dir='ltr'>ne</span> <span class='ocrx_word' id='word_1_213' title='bbox 1313 1598 1523 1662; x_wconf 76' lang='lat' dir='ltr'>quidem,</span> <span class='ocrx_word' id='word_1_214' title='bbox 1565 1597 1692 1661; x_wconf 89' lang='lat' dir='ltr'>quod</span> <span class='ocrx_word' id='word_1_215' title='bbox 1730 1610 2014 1660; x_wconf 85' lang='lat' dir='ltr'>regeneretur</span> <span class='ocrx_word' id='word_1_216' title='bbox 2054 1613 2134 1660; x_wconf 87' lang='lat' dir='ltr'>per</span> <span class='ocrx_word' id='word_1_217' title='bbox 2163 1611 2326 1643; x_wconf 88' lang='lat' dir='ltr'>verum</span> <span class='ocrx_word' id='word_1_218' title='bbox 2355 1595 2422 1643; x_wconf 67' lang='lat'>&amp;2</span> 
     </span>
     <span class='ocr_line' id='line_1_21' title="bbox 403 1660 2417 1727; baseline -0.002 -16"><span class='ocrx_word' id='word_1_219' title='bbox 403 1663 596 1719; x_wconf 70' lang='lat' dir='ltr'>bonum,</span> <span class='ocrx_word' id='word_1_220' title='bbox 631 1663 785 1712; x_wconf 83' lang='lat' dir='ltr'>minus</span> <span class='ocrx_word' id='word_1_221' title='bbox 812 1662 940 1726; x_wconf 86' lang='lat' dir='ltr'>quod</span> <span class='ocrx_word' id='word_1_222' title='bbox 978 1662 1100 1711; x_wconf 93' lang='lat' dir='ltr'>bono</span> <span class='ocrx_word' id='word_1_223' title='bbox 1133 1665 1336 1712; x_wconf 90' lang='lat' dir='ltr'>initietur</span> <span class='ocrx_word' id='word_1_224' title='bbox 1369 1665 1420 1711; x_wconf 75' lang='grc' dir='ltr'>δι</span> <span class='ocrx_word' id='word_1_225' title='bbox 1443 1661 1747 1727; x_wconf 86' lang='lat' dir='ltr'>conjungatur</span> <span class='ocrx_word' id='word_1_226' title='bbox 1768 1679 1950 1719; x_wconf 83' lang='lat' dir='ltr'>verum,</span> <span class='ocrx_word' id='word_1_227' title='bbox 1985 1664 2034 1711; x_wconf 76' lang='grc' dir='ltr'>ὅτ</span> <span class='ocrx_word' id='word_1_228' title='bbox 2057 1663 2145 1710; x_wconf 81' lang='lat' dir='ltr'>hoc</span> <span class='ocrx_word' id='word_1_229' title='bbox 2183 1661 2261 1709; x_wconf 87' lang='lat' dir='ltr'>fiat</span> <span class='ocrx_word' id='word_1_230' title='bbox 2284 1660 2417 1724; x_wconf 80' lang='lat' dir='ltr'>quali</span> 
     </span>
     <span class='ocr_line' id='line_1_22' title="bbox 401 1727 2410 1794; baseline -0.003 -13"><span class='ocrx_word' id='word_1_231' title='bbox 401 1728 728 1794; x_wconf 73' lang='lat' dir='ltr'>exploratione,</span> <span class='ocrx_word' id='word_1_232' title='bbox 762 1728 850 1782; x_wconf 66' lang='lat' dir='ltr'><strong>hos:</strong></span> <span class='ocrx_word' id='word_1_233' title='bbox 872 1727 953 1786; x_wconf 67' lang='lat' dir='ltr'>est„</span> <span class='ocrx_word' id='word_1_234' title='bbox 985 1729 1289 1780; x_wconf 72' lang='lat' dir='ltr'>exaffissime:</span> <span class='ocrx_word' id='word_1_235' title='bbox 1324 1731 1373 1778; x_wconf 83' lang='lat' dir='ltr'>in</span> <span class='ocrx_word' id='word_1_236' title='bbox 1404 1729 1485 1783; x_wconf 15' lang='lat' dir='ltr'>his*</span> <span class='ocrx_word' id='word_1_237' title='bbox 1505 1730 1622 1780; x_wconf 82' lang='lat' dir='ltr'>binis</span> <span class='ocrx_word' id='word_1_238' title='bbox 1645 1728 1858 1776; x_wconf 74' lang='lat' dir='ltr'>Versibus</span> <span class='ocrx_word' id='word_1_239' title='bbox 1881 1730 2032 1777; x_wconf 65' lang='lat' dir='ltr'>aetum</span> <span class='ocrx_word' id='word_1_240' title='bbox 2057 1727 2120 1776; x_wconf 88' lang='lat' dir='ltr'>est</span> <span class='ocrx_word' id='word_1_241' title='bbox 2142 1728 2199 1776; x_wconf 88' lang='lat' dir='ltr'>de</span> <span class='ocrx_word' id='word_1_242' title='bbox 2221 1743 2410 1792; x_wconf 84' lang='lat' dir='ltr'>percep·</span> 
     </span>
     <span class='ocr_line' id='line_1_23' title="bbox 403 1794 2412 1860; baseline -0.001 -18"><span class='ocrx_word' id='word_1_243' title='bbox 403 1797 546 1853; x_wconf 87' lang='lat' dir='ltr'>tione,</span> <span class='ocrx_word' id='word_1_244' title='bbox 574 1795 712 1860; x_wconf 72' lang='lat' dir='ltr'>,quale</span> <span class='ocrx_word' id='word_1_245' title='bbox 728 1797 795 1846; x_wconf 28' lang='grc' dir='ltr'>ἄν</span> <span class='ocrx_word' id='word_1_246' title='bbox 818 1795 941 1844; x_wconf 88' lang='lat' dir='ltr'>unde</span> <span class='ocrx_word' id='word_1_247' title='bbox 969 1795 1078 1844; x_wconf 81' lang='lat' dir='ltr'>effet</span> <span class='ocrx_word' id='word_1_248' title='bbox 1113 1811 1294 1855; x_wconf 80' lang='lat' dir='ltr'>verum,</span> <span class='ocrx_word' id='word_1_249' title='bbox 1343 1799 1393 1846; x_wconf 86' lang='lat'>&amp;</span> <span class='ocrx_word' id='word_1_250' title='bbox 1426 1796 1558 1845; x_wconf 82' lang='lat' dir='ltr'>simul</span> <span class='ocrx_word' id='word_1_251' title='bbox 1590 1796 1650 1844; x_wconf 92' lang='lat' dir='ltr'>de</span> <span class='ocrx_word' id='word_1_252' title='bbox 1677 1795 1852 1860; x_wconf 85' lang='lat' dir='ltr'>gaudio</span> <span class='ocrx_word' id='word_1_253' title='bbox 1882 1808 2069 1860; x_wconf 89' lang='lat' dir='ltr'>propter</span> <span class='ocrx_word' id='word_1_254' title='bbox 2106 1795 2151 1842; x_wconf 86' lang='lat' dir='ltr'>id</span> <span class='ocrx_word' id='word_1_255' title='bbox 2166 1817 2183 1851; x_wconf 68' lang='lat'>3</span> <span class='ocrx_word' id='word_1_256' title='bbox 2227 1794 2332 1842; x_wconf 89' lang='lat' dir='ltr'>ideo</span> <span class='ocrx_word' id='word_1_257' title='bbox 2363 1794 2412 1840; x_wconf 88' lang='lat' dir='ltr'>in</span> 
     </span>
     <span class='ocr_line' id='line_1_24' title="bbox 404 1861 2369 1926; baseline 0.003 -17"><span class='ocrx_word' id='word_1_258' title='bbox 404 1877 528 1915; x_wconf 89' lang='lat' dir='ltr'>nunc</span> <span class='ocrx_word' id='word_1_259' title='bbox 544 1861 836 1926; x_wconf 85' lang='lat' dir='ltr'>,sequentibus</span> <span class='ocrx_word' id='word_1_260' title='bbox 858 1863 1008 1925; x_wconf 81' lang='lat' dir='ltr'>agitur</span> <span class='ocrx_word' id='word_1_261' title='bbox 1028 1862 1088 1910; x_wconf 92' lang='lat' dir='ltr'>de</span> <span class='ocrx_word' id='word_1_262' title='bbox 1111 1864 1373 1914; x_wconf 88' lang='lat' dir='ltr'>initiatione.</span> <span class='ocrx_word' id='word_1_263' title='bbox 2363 1910 2369 1915; x_wconf 84' lang='lat'>.</span> 
     </span>
    </p>

    <p class='ocr_par' dir='ltr' id='par_1_5' title="bbox 350 1926 2442 3102">
     <span class='ocr_line' id='line_1_25' title="bbox 473 1926 2422 1994; baseline 0.002 -17"><span class='ocrx_word' id='word_1_264' title='bbox 473 1929 617 1992; x_wconf 87' lang='lat'><strong>3126.</strong></span> <span class='ocrx_word' id='word_1_265' title='bbox 651 1926 793 1977; x_wconf 81' lang='lat' dir='ltr'>Vers:</span> <span class='ocrx_word' id='word_1_266' title='bbox 822 1932 899 1977; x_wconf 85' lang='lat'>28.</span> <span class='ocrx_word' id='word_1_267' title='bbox 921 1945 999 1993; x_wconf 86' lang='lat'>29.</span> <span class='ocrx_word' id='word_1_268' title='bbox 1021 1941 1098 1992; x_wconf 85' lang='lat'>30.</span> <span class='ocrx_word' id='word_1_269' title='bbox 1135 1931 1200 1978; x_wconf 89' lang='lat' dir='ltr'>Et</span> <span class='ocrx_word' id='word_1_270' title='bbox 1220 1931 1411 1979; x_wconf 82' lang='lat' dir='ltr'>cucurrit</span> <span class='ocrx_word' id='word_1_271' title='bbox 1427 1930 1592 1994; x_wconf 82' lang='lat' dir='ltr'>puella,</span> <span class='ocrx_word' id='word_1_272' title='bbox 1620 1930 1683 1981; x_wconf 67' lang='lat' dir='ltr'>Es?</span> <span class='ocrx_word' id='word_1_273' title='bbox 1704 1930 1923 1980; x_wconf 82' lang='lat' dir='ltr'>indicabat</span> <span class='ocrx_word' id='word_1_274' title='bbox 1951 1929 2092 1979; x_wconf 81' lang='lat' dir='ltr'>domui</span> <span class='ocrx_word' id='word_1_275' title='bbox 2121 1930 2284 1978; x_wconf 86' lang='lat' dir='ltr'>matri-s.</span> <span class='ocrx_word' id='word_1_276' title='bbox 2298 1929 2422 1992; x_wconf 63' lang='lat' dir='ltr'>suae„</span> 
     </span>
     <span class='ocr_line' id='line_1_26' title="bbox 390 1994 2423 2063; baseline 0 -21"><span class='ocrx_word' id='word_1_277' title='bbox 390 1995 533 2058; x_wconf 74' lang='lat' dir='ltr'>juxta</span> <span class='ocrx_word' id='word_1_278' title='bbox 554 1994 694 2043; x_wconf 48' lang='lat' dir='ltr'>verba*</span> <span class='ocrx_word' id='word_1_279' title='bbox 720 1994 812 2042; x_wconf 85' lang='lat' dir='ltr'>illa.</span> <span class='ocrx_word' id='word_1_280' title='bbox 883 1995 950 2043; x_wconf 87' lang='lat' dir='ltr'>Et</span> <span class='ocrx_word' id='word_1_281' title='bbox 967 1995 1167 2044; x_wconf 84' lang='lat' dir='ltr'>Rebeccae</span> <span class='ocrx_word' id='word_1_282' title='bbox 1176 1997 1347 2059; x_wconf 85' lang='lat' dir='ltr'>frater,</span> <span class='ocrx_word' id='word_1_283' title='bbox 1377 1998 1435 2048; x_wconf 58' lang='grc' dir='ltr'>δέ</span> <span class='ocrx_word' id='word_1_284' title='bbox 1464 2007 1610 2048; x_wconf 82' lang='lat' dir='ltr'>nomen</span> <span class='ocrx_word' id='word_1_285' title='bbox 1640 2000 1729 2063; x_wconf 70' lang='lat' dir='ltr'><em>ejus</em></span> <span class='ocrx_word' id='word_1_286' title='bbox 1751 1998 1925 2055; x_wconf 66' lang='lat' dir='ltr'>Laban,</span> <span class='ocrx_word' id='word_1_287' title='bbox 1959 1997 2016 2047; x_wconf 81' lang='lat'><em>&amp;</em></span> <span class='ocrx_word' id='word_1_288' title='bbox 2040 1997 2235 2045; x_wconf 84' lang='lat' dir='ltr'>currebat</span> <span class='ocrx_word' id='word_1_289' title='bbox 2253 1996 2423 2044; x_wconf 59' lang='lat' dir='ltr'>Laban=</span> 
     </span>
     <span class='ocr_line' id='line_1_27' title="bbox 400 2060 2442 2128; baseline 0 -20"><span class='ocrx_word' id='word_1_290' title='bbox 400 2061 467 2113; x_wconf 73' lang='lat' dir='ltr'>ad</span> <span class='ocrx_word' id='word_1_291' title='bbox 486 2066 632 2109; x_wconf 88' lang='lat' dir='ltr'>virum</span> <span class='ocrx_word' id='word_1_292' title='bbox 645 2062 777 2124; x_wconf 81' lang='lat' dir='ltr'>foras</span> <span class='ocrx_word' id='word_1_293' title='bbox 806 2060 868 2109; x_wconf 87' lang='lat' dir='ltr'>ad</span> <span class='ocrx_word' id='word_1_294' title='bbox 884 2060 1066 2123; x_wconf 82' lang='lat' dir='ltr'>fontem.</span> <span class='ocrx_word' id='word_1_295' title='bbox 1137 2065 1202 2111; x_wconf 84' lang='lat' dir='ltr'>Et</span> <span class='ocrx_word' id='word_1_296' title='bbox 1212 2063 1329 2126; x_wconf 87' lang='lat' dir='ltr'>fuit,</span> <span class='ocrx_word' id='word_1_297' title='bbox 1363 2075 1414 2112; x_wconf 85' lang='lat' dir='ltr'>ut</span> <span class='ocrx_word' id='word_1_298' title='bbox 1436 2064 1583 2113; x_wconf 85' lang='lat' dir='ltr'>videre</span> <span class='ocrx_word' id='word_1_299' title='bbox 1603 2065 1752 2113; x_wconf 84' lang='lat' dir='ltr'>monile</span> <span class='ocrx_word' id='word_1_300' title='bbox 1770 2065 1827 2115; x_wconf 68' lang='grc' dir='ltr'>(ῤ’</span> <span class='ocrx_word' id='word_1_301' title='bbox 1850 2064 2042 2113; x_wconf 84' lang='lat' dir='ltr'>armillas</span> <span class='ocrx_word' id='word_1_302' title='bbox 2060 2065 2195 2128; x_wconf 78' lang='lat' dir='ltr'>super</span> <span class='ocrx_word' id='word_1_303' title='bbox 2219 2062 2442 2121; x_wconf 47' lang='lat' dir='ltr'>manibus„</span> 
     </span>
     <span class='ocr_line' id='line_1_28' title="bbox 394 2127 2411 2199; baseline -0 -24"><span class='ocrx_word' id='word_1_304' title='bbox 394 2129 559 2190; x_wconf 88' lang='lat' dir='ltr'>sororis</span> <span class='ocrx_word' id='word_1_305' title='bbox 568 2128 680 2192; x_wconf 83' lang='lat' dir='ltr'><em>suae,</em></span> <span class='ocrx_word' id='word_1_306' title='bbox 715 2128 771 2177; x_wconf 56' lang='grc' dir='ltr'>ὃ</span> <span class='ocrx_word' id='word_1_307' title='bbox 793 2138 845 2174; x_wconf 90' lang='lat' dir='ltr'>ut</span> <span class='ocrx_word' id='word_1_308' title='bbox 874 2127 1025 2176; x_wconf 87' lang='lat' dir='ltr'>audire</span> <span class='ocrx_word' id='word_1_309' title='bbox 1062 2145 1171 2199; x_wconf 16' lang='lat' dir='ltr'>eum-</span> <span class='ocrx_word' id='word_1_310' title='bbox 1188 2131 1325 2178; x_wconf 87' lang='lat' dir='ltr'>verba</span> <span class='ocrx_word' id='word_1_311' title='bbox 1347 2131 1545 2179; x_wconf 85' lang='lat' dir='ltr'>Rebeccae</span> <span class='ocrx_word' id='word_1_312' title='bbox 1578 2132 1736 2197; x_wconf 81' lang='lat' dir='ltr'>sororis</span> <span class='ocrx_word' id='word_1_313' title='bbox 1761 2133 1872 2196; x_wconf 84' lang='lat' dir='ltr'><em>suae,</em></span> <span class='ocrx_word' id='word_1_314' title='bbox 1906 2131 2094 2187; x_wconf 81' lang='lat' dir='ltr'>dicenda,</span> <span class='ocrx_word' id='word_1_315' title='bbox 2128 2133 2194 2178; x_wconf 82' lang='lat' dir='ltr'>ita</span> <span class='ocrx_word' id='word_1_316' title='bbox 2217 2128 2411 2194; x_wconf 86' lang='lat' dir='ltr'>loquutus</span> 
     </span>
     <span class='ocr_line' id='line_1_29' title="bbox 396 2194 2408 2260; baseline -0 -18"><span class='ocrx_word' id='word_1_317' title='bbox 396 2194 472 2248; x_wconf 68' lang='lat' dir='ltr'>ad</span> <span class='ocrx_word' id='word_1_318' title='bbox 494 2211 559 2243; x_wconf 85' lang='lat' dir='ltr'>me</span> <span class='ocrx_word' id='word_1_319' title='bbox 585 2197 662 2242; x_wconf 85' lang='lat' dir='ltr'>vir</span> <span class='ocrx_word' id='word_1_320' title='bbox 679 2214 704 2250; x_wconf 77' lang='lat'>3·</span> <span class='ocrx_word' id='word_1_321' title='bbox 728 2194 786 2244; x_wconf 66' lang='lat'>{9³</span> <span class='ocrx_word' id='word_1_322' title='bbox 807 2197 930 2242; x_wconf 84' lang='lat' dir='ltr'>venit</span> <span class='ocrx_word' id='word_1_323' title='bbox 948 2194 1010 2242; x_wconf 90' lang='lat' dir='ltr'>ad</span> <span class='ocrx_word' id='word_1_324' title='bbox 1029 2198 1192 2253; x_wconf 88' lang='lat' dir='ltr'>virum,</span> <span class='ocrx_word' id='word_1_325' title='bbox 1226 2197 1283 2247; x_wconf 81' lang='lat'><em>&amp;</em></span> <span class='ocrx_word' id='word_1_326' title='bbox 1309 2213 1397 2246; x_wconf 86' lang='lat' dir='ltr'>ecce</span> <span class='ocrx_word' id='word_1_327' title='bbox 1415 2197 1540 2258; x_wconf 72' lang='lat' dir='ltr'>st‘a&#39;ns</span> <span class='ocrx_word' id='word_1_328' title='bbox 1570 2197 1690 2260; x_wconf 85' lang='lat' dir='ltr'>apud</span> <span class='ocrx_word' id='word_1_329' title='bbox 1719 2200 1893 2246; x_wconf 89' lang='lat' dir='ltr'>camelos</span> <span class='ocrx_word' id='word_1_330' title='bbox 1925 2198 2044 2260; x_wconf 85' lang='lat' dir='ltr'>apud</span> <span class='ocrx_word' id='word_1_331' title='bbox 2061 2197 2242 2260; x_wconf 84' lang='lat' dir='ltr'>fontem.</span> <span class='ocrx_word' id='word_1_332' title='bbox 2312 2196 2408 2258; x_wconf 78' lang='lat' dir='ltr'>Cu·</span> 
     </span>
     <span class='ocr_line' id='line_1_30' title="bbox 401 2260 2427 2324; baseline 0.003 -17"><span class='ocrx_word' id='word_1_333' title='bbox 401 2261 548 2311; x_wconf 38' lang='lat' dir='ltr'>⁸currit</span> <span class='ocrx_word' id='word_1_334' title='bbox 570 2260 736 2324; x_wconf 88' lang='lat' dir='ltr'>puella,</span> <span class='ocrx_word' id='word_1_335' title='bbox 770 2260 995 2323; x_wconf 83' lang='lat' dir='ltr'>fignificat</span> <span class='ocrx_word' id='word_1_336' title='bbox 1029 2263 1238 2313; x_wconf 84' lang='lat' dir='ltr'>animum</span> <span class='ocrx_word' id='word_1_337' title='bbox 1276 2262 1524 2312; x_wconf 66' lang='lat' dir='ltr'>affectionis</span> <span class='ocrx_word' id='word_1_338' title='bbox 1561 2263 1712 2313; x_wconf 88' lang='lat' dir='ltr'>illius:</span> <span class='ocrx_word' id='word_1_339' title='bbox 1748 2265 1799 2312; x_wconf 89' lang='lat'>&amp;</span> <span class='ocrx_word' id='word_1_340' title='bbox 1823 2263 2048 2311; x_wconf 89' lang='lat' dir='ltr'>indicabat</span> <span class='ocrx_word' id='word_1_341' title='bbox 2069 2263 2231 2311; x_wconf 89' lang='lat' dir='ltr'>domui</span> <span class='ocrx_word' id='word_1_342' title='bbox 2256 2262 2427 2313; x_wconf 76' lang='lat' dir='ltr'>matris.</span> 
     </span>
     <span class='ocr_line' id='line_1_31' title="bbox 405 2324 2410 2394; baseline 0.001 -23"><span class='ocrx_word' id='word_1_343' title='bbox 405 2324 500 2376; x_wconf 84' lang='lat' dir='ltr'>suae</span> <span class='ocrx_word' id='word_1_344' title='bbox 513 2324 645 2389; x_wconf 86' lang='lat' dir='ltr'>juxta</span> <span class='ocrx_word' id='word_1_345' title='bbox 665 2325 804 2373; x_wconf 87' lang='lat' dir='ltr'>verba</span> <span class='ocrx_word' id='word_1_346' title='bbox 828 2327 921 2382; x_wconf 77' lang='lat' dir='ltr'>illa,</span> <span class='ocrx_word' id='word_1_347' title='bbox 957 2326 1181 2390; x_wconf 87' lang='lat' dir='ltr'>fignificat</span> <span class='ocrx_word' id='word_1_348' title='bbox 1210 2328 1269 2376; x_wconf 90' lang='lat' dir='ltr'>ad</span> <span class='ocrx_word' id='word_1_349' title='bbox 1297 2329 1474 2378; x_wconf 90' lang='lat' dir='ltr'>bonum</span> <span class='ocrx_word' id='word_1_350' title='bbox 1504 2330 1816 2394; x_wconf 86' lang='lat' dir='ltr'>quodcunque</span> <span class='ocrx_word' id='word_1_351' title='bbox 1837 2329 2037 2390; x_wconf 84' lang='lat' dir='ltr'>naturale</span> <span class='ocrx_word' id='word_1_352' title='bbox 2058 2344 2154 2392; x_wconf 90' lang='lat' dir='ltr'>quo</span> <span class='ocrx_word' id='word_1_353' title='bbox 2176 2327 2410 2376; x_wconf 86' lang='lat' dir='ltr'>illustratio</span> 
     </span>
     <span class='ocr_line' id='line_1_32' title="bbox 381 2392 2425 2459; baseline 0.003 -21"><span class='ocrx_word' id='word_1_354' title='bbox 381 2392 641 2454; x_wconf 59' lang='lat' dir='ltr'>pervenire</span> <span class='ocrx_word' id='word_1_355' title='bbox 660 2392 838 2455; x_wconf 85' lang='lat' dir='ltr'>potuit:</span> <span class='ocrx_word' id='word_1_356' title='bbox 866 2392 941 2449; x_wconf 60' lang='lat' dir='ltr'>¹Et</span> <span class='ocrx_word' id='word_1_357' title='bbox 963 2392 1189 2442; x_wconf 72' lang='lat' dir='ltr'>Rebeccae</span> <span class='ocrx_word' id='word_1_358' title='bbox 1218 2393 1374 2452; x_wconf 88' lang='lat' dir='ltr'>frater,</span> <span class='ocrx_word' id='word_1_359' title='bbox 1407 2395 1631 2459; x_wconf 82' lang='lat' dir='ltr'>fignificat</span> <span class='ocrx_word' id='word_1_360' title='bbox 1666 2395 1953 2451; x_wconf 65' lang='lat' dir='ltr'>affectionem</span> <span class='ocrx_word' id='word_1_361' title='bbox 1986 2394 2095 2441; x_wconf 91' lang='lat' dir='ltr'>boni</span> <span class='ocrx_word' id='word_1_362' title='bbox 2130 2396 2178 2441; x_wconf 93' lang='lat' dir='ltr'>in</span> <span class='ocrx_word' id='word_1_363' title='bbox 2195 2440 2197 2443; x_wconf 81' lang='grc'><em>,</em></span> <span class='ocrx_word' id='word_1_364' title='bbox 2217 2393 2425 2444; x_wconf 82' lang='lat' dir='ltr'>naturali.</span> 
     </span>
     <span class='ocr_line' id='line_1_33' title="bbox 407 2455 2408 2525; baseline 0 -20"><span class='ocrx_word' id='word_1_365' title='bbox 407 2458 624 2513; x_wconf 85' lang='lat' dir='ltr'>homine:</span> <span class='ocrx_word' id='word_1_366' title='bbox 655 2474 828 2508; x_wconf 82' lang='lat' dir='ltr'>nomen</span> <span class='ocrx_word' id='word_1_367' title='bbox 867 2455 963 2520; x_wconf 88' lang='lat' dir='ltr'>ejus</span> <span class='ocrx_word' id='word_1_368' title='bbox 999 2459 1176 2518; x_wconf 88' lang='lat' dir='ltr'>Laban,</span> <span class='ocrx_word' id='word_1_369' title='bbox 1219 2459 1442 2525; x_wconf 87' lang='lat' dir='ltr'>fignificat</span> <span class='ocrx_word' id='word_1_370' title='bbox 1479 2461 1610 2524; x_wconf 88' lang='lat' dir='ltr'>quale</span> <span class='ocrx_word' id='word_1_371' title='bbox 1648 2459 1898 2511; x_wconf 65' lang='lat' dir='ltr'>affectionis</span> <span class='ocrx_word' id='word_1_372' title='bbox 1936 2460 2088 2509; x_wconf 84' lang='lat' dir='ltr'>illius:</span> <span class='ocrx_word' id='word_1_373' title='bbox 2124 2460 2175 2508; x_wconf 76' lang='grc' dir='ltr'>δε</span> <span class='ocrx_word' id='word_1_374' title='bbox 2202 2459 2408 2513; x_wconf 85' lang='lat' dir='ltr'>currebat</span> 
     </span>
     <span class='ocr_line' id='line_1_34' title="bbox 406 2522 2409 2591; baseline 0.002 -21"><span class='ocrx_word' id='word_1_375' title='bbox 406 2523 566 2577; x_wconf 90' lang='lat' dir='ltr'>Laban</span> <span class='ocrx_word' id='word_1_376' title='bbox 598 2523 656 2571; x_wconf 88' lang='lat' dir='ltr'>ad</span> <span class='ocrx_word' id='word_1_377' title='bbox 677 2525 831 2570; x_wconf 88' lang='lat' dir='ltr'>virum</span> <span class='ocrx_word' id='word_1_378' title='bbox 854 2522 974 2571; x_wconf 87' lang='lat' dir='ltr'>foras</span> <span class='ocrx_word' id='word_1_379' title='bbox 996 2525 1053 2572; x_wconf 91' lang='lat' dir='ltr'>ad</span> <span class='ocrx_word' id='word_1_380' title='bbox 1076 2523 1270 2582; x_wconf 88' lang='lat' dir='ltr'>fontem,</span> <span class='ocrx_word' id='word_1_381' title='bbox 1305 2527 1529 2590; x_wconf 87' lang='lat' dir='ltr'>fignificat</span> <span class='ocrx_word' id='word_1_382' title='bbox 1566 2529 1776 2576; x_wconf 87' lang='lat' dir='ltr'>animum</span> <span class='ocrx_word' id='word_1_383' title='bbox 1815 2525 1911 2591; x_wconf 83' lang='lat' dir='ltr'>ejus</span> <span class='ocrx_word' id='word_1_384' title='bbox 1946 2543 2055 2590; x_wconf 86' lang='lat' dir='ltr'>erga</span> <span class='ocrx_word' id='word_1_385' title='bbox 2084 2541 2247 2574; x_wconf 85' lang='lat' dir='ltr'>verum</span> <span class='ocrx_word' id='word_1_386' title='bbox 2278 2525 2409 2590; x_wconf 93' lang='lat' dir='ltr'>quod</span> 
     </span>
     <span class='ocr_line' id='line_1_35' title="bbox 406 2589 2409 2656; baseline 0.001 -19"><span class='ocrx_word' id='word_1_387' title='bbox 406 2589 680 2638; x_wconf 90' lang='lat' dir='ltr'>initiandum</span> <span class='ocrx_word' id='word_1_388' title='bbox 703 2590 828 2637; x_wconf 91' lang='lat' dir='ltr'>Vero</span> <span class='ocrx_word' id='word_1_389' title='bbox 849 2591 1052 2638; x_wconf 86' lang='lat' dir='ltr'>Divino:</span> <span class='ocrx_word' id='word_1_390' title='bbox 1090 2591 1156 2639; x_wconf 91' lang='lat' dir='ltr'>Et</span> <span class='ocrx_word' id='word_1_391' title='bbox 1177 2590 1282 2650; x_wconf 90' lang='lat' dir='ltr'>fuit,</span> <span class='ocrx_word' id='word_1_392' title='bbox 1316 2606 1370 2641; x_wconf 91' lang='lat' dir='ltr'>ut</span> <span class='ocrx_word' id='word_1_393' title='bbox 1392 2593 1546 2641; x_wconf 90' lang='lat' dir='ltr'>videre</span> <span class='ocrx_word' id='word_1_394' title='bbox 1565 2593 1736 2641; x_wconf 88' lang='lat' dir='ltr'>monile</span> <span class='ocrx_word' id='word_1_395' title='bbox 1757 2594 1807 2641; x_wconf 89' lang='lat'>&amp;</span> <span class='ocrx_word' id='word_1_396' title='bbox 1828 2593 2024 2641; x_wconf 89' lang='lat' dir='ltr'>armillas</span> <span class='ocrx_word' id='word_1_397' title='bbox 2048 2592 2179 2656; x_wconf 87' lang='lat' dir='ltr'>super</span> <span class='ocrx_word' id='word_1_398' title='bbox 2201 2592 2409 2640; x_wconf 88' lang='lat' dir='ltr'>manibus</span> 
     </span>
     <span class='ocr_line' id='line_1_36' title="bbox 350 2655 2409 2723; baseline 0.001 -20"><span class='ocrx_word' id='word_1_399' title='bbox 350 2708 352 2710; x_wconf 57' lang='grc'><strong>,</strong></span> <span class='ocrx_word' id='word_1_400' title='bbox 406 2655 567 2704; x_wconf 88' lang='lat' dir='ltr'>sororis</span> <span class='ocrx_word' id='word_1_401' title='bbox 590 2655 698 2713; x_wconf 86' lang='lat' dir='ltr'>suae,</span> <span class='ocrx_word' id='word_1_402' title='bbox 734 2656 956 2720; x_wconf 85' lang='lat' dir='ltr'>fignificat</span> <span class='ocrx_word' id='word_1_403' title='bbox 985 2672 1094 2705; x_wconf 91' lang='lat' dir='ltr'>cum</span> <span class='ocrx_word' id='word_1_404' title='bbox 1115 2661 1422 2723; x_wconf 88' lang='lat' dir='ltr'>apperciperet</span> <span class='ocrx_word' id='word_1_405' title='bbox 1444 2660 1672 2723; x_wconf 69' lang='lat' dir='ltr'>Diyinum</span> <span class='ocrx_word' id='word_1_406' title='bbox 1697 2660 1881 2708; x_wconf 89' lang='lat' dir='ltr'>Bonum</span> <span class='ocrx_word' id='word_1_407' title='bbox 1905 2661 1953 2707; x_wconf 75' lang='grc' dir='ltr'>δε</span> <span class='ocrx_word' id='word_1_408' title='bbox 1982 2660 2206 2706; x_wconf 89' lang='lat' dir='ltr'>Divinum</span> <span class='ocrx_word' id='word_1_409' title='bbox 2231 2659 2409 2707; x_wconf 88' lang='lat' dir='ltr'>Verum</span> 
     </span>
     <span class='ocr_line' id='line_1_37' title="bbox 406 2722 2409 2789; baseline 0.001 -19"><span class='ocrx_word' id='word_1_410' title='bbox 406 2724 455 2770; x_wconf 89' lang='lat' dir='ltr'>in</span> <span class='ocrx_word' id='word_1_411' title='bbox 477 2724 681 2786; x_wconf 86' lang='lat' dir='ltr'>potentia</span> <span class='ocrx_word' id='word_1_412' title='bbox 700 2722 950 2775; x_wconf 67' lang='lat' dir='ltr'>affectionis</span> <span class='ocrx_word' id='word_1_413' title='bbox 971 2725 1085 2780; x_wconf 87' lang='lat' dir='ltr'>veri,</span> <span class='ocrx_word' id='word_1_414' title='bbox 1118 2741 1227 2789; x_wconf 84' lang='lat' dir='ltr'>quae</span> <span class='ocrx_word' id='word_1_415' title='bbox 1248 2725 1312 2773; x_wconf 94' lang='lat' dir='ltr'>est</span> <span class='ocrx_word' id='word_1_416' title='bbox 1335 2724 1483 2774; x_wconf 90' lang='lat' dir='ltr'>soror:</span> <span class='ocrx_word' id='word_1_417' title='bbox 1522 2727 1571 2774; x_wconf 87' lang='lat'>&amp;</span> <span class='ocrx_word' id='word_1_418' title='bbox 1604 2738 1658 2774; x_wconf 90' lang='lat' dir='ltr'>ut</span> <span class='ocrx_word' id='word_1_419' title='bbox 1692 2725 1845 2774; x_wconf 90' lang='lat' dir='ltr'>audire</span> <span class='ocrx_word' id='word_1_420' title='bbox 1883 2741 1991 2773; x_wconf 90' lang='lat' dir='ltr'>eum</span> <span class='ocrx_word' id='word_1_421' title='bbox 2027 2725 2164 2774; x_wconf 87' lang='lat' dir='ltr'>verba</span> <span class='ocrx_word' id='word_1_422' title='bbox 2185 2725 2409 2774; x_wconf 89' lang='lat' dir='ltr'>Rebeccae</span> 
     </span>
     <span class='ocr_line' id='line_1_38' title="bbox 406 2788 2419 2856; baseline 0.001 -20"><span class='ocrx_word' id='word_1_423' title='bbox 406 2789 568 2851; x_wconf 80' lang='lat' dir='ltr'>sororis</span> <span class='ocrx_word' id='word_1_424' title='bbox 602 2789 713 2847; x_wconf 83' lang='lat' dir='ltr'>suae,</span> <span class='ocrx_word' id='word_1_425' title='bbox 749 2789 971 2853; x_wconf 86' lang='lat' dir='ltr'>fignificat</span> <span class='ocrx_word' id='word_1_426' title='bbox 998 2788 1095 2854; x_wconf 83' lang='lat' dir='ltr'>ejus</span> <span class='ocrx_word' id='word_1_427' title='bbox 1131 2791 1500 2841; x_wconf 86' lang='lat' dir='ltr'>inclinationem:</span> <span class='ocrx_word' id='word_1_428' title='bbox 1538 2792 1749 2849; x_wconf 89' lang='lat' dir='ltr'>dicendo,</span> <span class='ocrx_word' id='word_1_429' title='bbox 1785 2794 1846 2839; x_wconf 91' lang='lat' dir='ltr'>ita</span> <span class='ocrx_word' id='word_1_430' title='bbox 1881 2793 2109 2856; x_wconf 40' lang='lat' dir='ltr'>loquutus,</span> <span class='ocrx_word' id='word_1_431' title='bbox 2127 2792 2183 2840; x_wconf 90' lang='lat' dir='ltr'>ad</span> <span class='ocrx_word' id='word_1_432' title='bbox 2221 2808 2296 2840; x_wconf 88' lang='lat' dir='ltr'>me</span> <span class='ocrx_word' id='word_1_433' title='bbox 2317 2793 2419 2848; x_wconf 87' lang='lat' dir='ltr'>vir,-</span> 
     </span>
     <span class='ocr_line' id='line_1_39' title="bbox 407 2854 2418 2922; baseline 0.002 -20"><span class='ocrx_word' id='word_1_434' title='bbox 407 2854 628 2918; x_wconf 86' lang='lat' dir='ltr'>fignificat</span> <span class='ocrx_word' id='word_1_435' title='bbox 662 2855 1008 2920; x_wconf 76' lang='lat' dir='ltr'>propensionem</span> <span class='ocrx_word' id='word_1_436' title='bbox 1044 2859 1141 2906; x_wconf 88' lang='lat' dir='ltr'>veri</span> <span class='ocrx_word' id='word_1_437' title='bbox 1180 2860 1228 2905; x_wconf 91' lang='lat' dir='ltr'>in</span> <span class='ocrx_word' id='word_1_438' title='bbox 1265 2859 1455 2907; x_wconf 88' lang='lat' dir='ltr'>naturali</span> <span class='ocrx_word' id='word_1_439' title='bbox 1488 2859 1704 2908; x_wconf 86' lang='lat' dir='ltr'>homine:</span> <span class='ocrx_word' id='word_1_440' title='bbox 1741 2859 1791 2906; x_wconf 88' lang='lat'>&amp;</span> <span class='ocrx_word' id='word_1_441' title='bbox 1811 2860 1940 2919; x_wconf 64' lang='lat' dir='ltr'>vvenit</span> <span class='ocrx_word' id='word_1_442' title='bbox 1976 2859 2032 2906; x_wconf 89' lang='lat' dir='ltr'>ad</span> <span class='ocrx_word' id='word_1_443' title='bbox 2062 2860 2234 2915; x_wconf 89' lang='lat' dir='ltr'>virum,</span> <span class='ocrx_word' id='word_1_444' title='bbox 2269 2858 2418 2922; x_wconf 83' lang='lat' dir='ltr'>figni-.</span> 
     </span>
     <span class='ocr_line' id='line_1_40' title="bbox 408 2921 2406 2990; baseline 0.001 -19"><span class='ocrx_word' id='word_1_445' title='bbox 408 2921 515 2971; x_wconf 88' lang='lat' dir='ltr'>ficat</span> <span class='ocrx_word' id='word_1_446' title='bbox 542 2923 670 2986; x_wconf 90' lang='lat' dir='ltr'>quod</span> <span class='ocrx_word' id='word_1_447' title='bbox 710 2922 751 2969; x_wconf 89' lang='lat' dir='ltr'>se</span> <span class='ocrx_word' id='word_1_448' title='bbox 782 2921 1077 2987; x_wconf 88' lang='lat' dir='ltr'>adjungeret:</span> <span class='ocrx_word' id='word_1_449' title='bbox 1112 2924 1164 2972; x_wconf 87' lang='lat'>&amp;</span> <span class='ocrx_word' id='word_1_450' title='bbox 1185 2940 1291 2982; x_wconf 78' lang='lat' dir='ltr'>ecce</span> <span class='ocrx_word' id='word_1_451' title='bbox 1324 2925 1441 2973; x_wconf 89' lang='lat' dir='ltr'>stans</span> <span class='ocrx_word' id='word_1_452' title='bbox 1473 2926 1597 2990; x_wconf 90' lang='lat' dir='ltr'>apud</span> <span class='ocrx_word' id='word_1_453' title='bbox 1627 2925 1842 2982; x_wconf 77' lang='lat' dir='ltr'>came103‚</span> <span class='ocrx_word' id='word_1_454' title='bbox 1878 2926 2101 2988; x_wconf 85' lang='lat' dir='ltr'>fignificat</span> <span class='ocrx_word' id='word_1_455' title='bbox 2122 2923 2406 2988; x_wconf 79' lang='lat' dir='ltr'>praesentiam</span> 
     </span>
     <span class='ocr_line' id='line_1_41' title="bbox 409 2987 2410 3102; baseline 0.001 -68"><span class='ocrx_word' id='word_1_456' title='bbox 409 2987 726 3102; x_wconf 40' lang='lat' dir='ltr'>ixtsisciesstilicis</span> <span class='ocrx_word' id='word_1_457' title='bbox 747 2989 1103 3038; x_wconf 87' lang='lat' dir='ltr'>communibus:</span> <span class='ocrx_word' id='word_1_458' title='bbox 1138 2991 1263 3055; x_wconf 89' lang='lat' dir='ltr'>apud</span> <span class='ocrx_word' id='word_1_459' title='bbox 1294 2990 1490 3050; x_wconf 89' lang='lat' dir='ltr'>fontem,</span> <span class='ocrx_word' id='word_1_460' title='bbox 1525 2992 1747 3056; x_wconf 86' lang='lat' dir='ltr'>fignificat</span> <span class='ocrx_word' id='word_1_461' title='bbox 1786 2992 1971 3040; x_wconf 82' lang='lat' dir='ltr'>illorum</span> <span class='ocrx_word' id='word_1_462' title='bbox 2008 2991 2350 3055; x_wconf 84' lang='lat' dir='ltr'>illustrationem</span> <span class='ocrx_word' id='word_1_463' title='bbox 2383 3007 2410 3037; x_wconf 92' lang='lat' dir='ltr'>a</span> 
     </span>
    </p>

    <p class='ocr_par' dir='ltr' id='par_1_6' title="bbox 457 3069 746 3102">
     <span class='ocr_line' id='line_1_42' title="bbox 457 3069 746 3102; baseline 0.014 -4"><span class='ocrx_word' id='word_1_464' title='bbox 457 3069 535 3100; x_wconf 69' lang='lat' dir='ltr'>ero</span> <span class='ocrx_word' id='word_1_465' title='bbox 605 3071 746 3102; x_wconf 79' lang='lat' dir='ltr'>lvlno.</span> 
     </span>
    </p>

    <p class='ocr_par' dir='ltr' id='par_1_7' title="bbox 410 3121 2433 3257">
     <span class='ocr_line' id='line_1_43' title="bbox 481 3121 2433 3189; baseline 0.001 -20"><span class='ocrx_word' id='word_1_466' title='bbox 481 3135 622 3183; x_wconf 78' lang='lat'><strong>3¹²7·</strong></span> <span class='ocrx_word' id='word_1_467' title='bbox 658 3122 873 3170; x_wconf 86' lang='lat' dir='ltr'>Cucurrit</span> <span class='ocrx_word' id='word_1_468' title='bbox 895 3123 1061 3187; x_wconf 86' lang='lat' dir='ltr'>puella,</span> <span class='ocrx_word' id='word_1_469' title='bbox 1095 3124 1225 3188; x_wconf 90' lang='lat' dir='ltr'>quod</span> <span class='ocrx_word' id='word_1_470' title='bbox 1263 3124 1486 3189; x_wconf 86' lang='lat' dir='ltr'>fignificet</span> <span class='ocrx_word' id='word_1_471' title='bbox 1519 3126 1725 3174; x_wconf 85' lang='lat' dir='ltr'>animum</span> <span class='ocrx_word' id='word_1_472' title='bbox 1762 3123 2009 3174; x_wconf 63' lang='lat' dir='ltr'>affectionis</span> <span class='ocrx_word' id='word_1_473' title='bbox 2048 3124 2186 3179; x_wconf 84' lang='lat' dir='ltr'>illius,</span> <span class='ocrx_word' id='word_1_474' title='bbox 2238 3121 2433 3170; x_wconf 56' lang='lat' dir='ltr'>constare</span> 
     </span>
     <span class='ocr_line' id='line_1_44' title="bbox 410 3184 2423 3257; baseline 0.002 -25"><span class='ocrx_word' id='word_1_475' title='bbox 410 3198 467 3236; x_wconf 67' lang='lat' dir='ltr'>ex</span> <span class='ocrx_word' id='word_1_476' title='bbox 506 3184 825 3248; x_wconf 82' lang='lat' dir='ltr'>fignificatione</span> <span class='ocrx_word' id='word_1_477' title='bbox 859 3205 1053 3248; x_wconf 85' lang='lat' dir='ltr'>currere,</span> <span class='ocrx_word' id='word_1_478' title='bbox 1099 3192 1228 3256; x_wconf 91' lang='lat' dir='ltr'>quod</span> <span class='ocrx_word' id='word_1_479' title='bbox 1267 3191 1322 3241; x_wconf 87' lang='lat' dir='ltr'>fit</span> <span class='ocrx_word' id='word_1_480' title='bbox 1365 3192 1673 3257; x_wconf 72' lang='lat' dir='ltr'>propensionis</span> <span class='ocrx_word' id='word_1_481' title='bbox 1713 3192 1786 3242; x_wconf 88' lang='lat' dir='ltr'>seu</span> <span class='ocrx_word' id='word_1_482' title='bbox 1826 3193 1999 3247; x_wconf 80' lang='lat' dir='ltr'>animi;</span> <span class='ocrx_word' id='word_1_483' title='bbox 2054 3192 2107 3241; x_wconf 75' lang='grc' dir='ltr'>δι,</span> <span class='ocrx_word' id='word_1_484' title='bbox 2143 3204 2199 3236; x_wconf 84' lang='lat' dir='ltr'>ex</span> <span class='ocrx_word' id='word_1_485' title='bbox 2237 3188 2423 3249; x_wconf 63' lang='lat' dir='ltr'>signifi-2·</span> 
     </span>
    </p>

    <p class='ocr_par' dir='ltr' id='par_1_8' title="bbox 1391 3255 2415 3308">
     <span class='ocr_line' id='line_1_45' title="bbox 1391 3255 2415 3308; baseline -0.003 -2"><span class='ocrx_word' id='word_1_486' title='bbox 1391 3259 1439 3306; x_wconf 93' lang='lat' dir='ltr'><strong>Y</strong></span> <span class='ocrx_word' id='word_1_487' title='bbox 1475 3275 1501 3308; x_wconf 85' lang='lat'>2</span> <span class='ocrx_word' id='word_1_488' title='bbox 2242 3255 2415 3303; x_wconf 78' lang='lat' dir='ltr'>catione</span> 
     </span>
    </p>
   </div>
  </div>
 </body>
</html>
