2904 3750
578 185 706 264 296
878 257 881 259 ,
1083 182 2058 268 ΟΕΝΕΒΙΒ.

563 311 699 368 bent,
742 310 855 358 sicut
891 309 1109 367 coelestes,
1158 312 1206 359 &
1243 314 1288 359 in
1327 310 1518 360 obscuro
1558 311 1659 360 sunt
1697 311 1954 376 respective,
1998 329 2057 361 n:
2094 329 2232 376 1043.
2261 314 2567 380 2088.2669.

575 383 702 441 2708
731 393 796 441 pr.
824 393 964 441 2715.
988 383 1127 441 2718.
1151 382 1290 441 2831.
1314 396 1454 442 3235.
1478 396 1618 442 3241.
1638 380 1783 442 3246,
1819 378 2072 442 disquirunt
2109 395 2223 426 num
2262 381 2322 428 ita
2358 381 2429 437 sit,
2465 391 2567 435 tum
2628 381 2633 384 ’

569 459 688 490 num
705 445 930 491 Divinum
949 445 1122 490 Verum
1143 445 1220 499 sit;
1246 445 1295 491 &
1313 447 1420 508 quia
1437 461 1527 493 non
1552 447 1886 509 perceptionem
1906 445 2085 502 habent,
2110 461 2221 492 num
2241 445 2311 503 fit,
2335 446 2468 494 datur
2485 446 2570 494 illis

576 509 663 556 tale
679 510 804 572 quod
822 522 1001 574 apparet
1020 510 1131 557 sicut
1146 526 1326 567 verum,
1350 512 1399 559 &
1417 511 1501 559 hoc
1519 510 1768 559 secundum
1783 511 1995 558 rationale
2012 527 2188 568 eorum,
2208 511 2294 559 hoc
2311 512 2390 570 est,
2416 513 2569 561 secun-

578 575 692 622 dum
718 589 920 639 captum,
946 577 1002 622 sic
1026 577 1145 622 enim
1173 578 1416 639 recipitur·,
1452 578 1616 641 cuique
1638 579 1918 641 permittitur
1937 577 2115 624 credere
2132 579 2249 625 veris
2269 579 2381 626 ficut
2404 579 2480 626 illa
2501 596 2572 628 ca-

577 643 674 706 pit·,
700 643 730 689 si
750 659 837 689 non
857 643 920 699 id,
947 658 1035 687 non
1062 640 1176 687 foret
1193 645 1407 705 receptio,
1433 646 1538 704 quia
1554 660 1644 690 non
1669 644 1816 707 aliqua
1838 645 2031 706 agnitio:
2058 644 2114 690 de
2131 644 2198 690 his
2222 661 2341 691 nunc
2358 647 2522 708 agitur.

614 725 617 729 ·
650 713 792 771 3386.
831 709 894 755 Et
928 708 1043 753 dixit
1077 707 1198 753 soror
1238 724 1336 754 mea
1375 709 1464 765 illa,
1498 709 1626 772 quod
1662 710 1883 772 significet
1905 725 2065 756 verum
2090 710 2316 767 rationale,
2353 711 2525 759 constat
2549 730 2574 760 a

578 775 901 838 significatione
931 773 1106 829 sororis,
1143 774 1269 835 quod
1292 774 1344 820 s1t
1367 790 1529 821 verum
1554 775 1785 831 rationale,
1821 775 1876 822 de
1898 791 1986 838 qua
2009 792 2069 823 n:
2102 793 2240 839 1495.
2264 781 2406 839 2508.
2429 796 2572 840 2524.

582 859 607 890 2
617 843 746 903 5563
784 857 863 903 per
897 855 1055 885 verum
1093 839 1302 886 rationale
1342 840 1610 903 intelligitur
1648 839 1760 887 illud
1795 841 1923 903 quod
1943 854 2136 904 apparet
2166 842 2279 889 ficut
2311 859 2472 891 verum
2507 845 2572 892 se-

577 907 785 955 cundum
810 917 994 968 captum
1019 905 1091 952 seu
1115 920 1266 952 coram
1304 907 1520 962 rationali,
1555 918 1608 953 ut
1632 921 1743 953 mox
1766 904 1895 969 supra
1917 906 2106 954 dictum.
2177 910 2413 956 Arcanum
2443 913 2574 973 quod

580 971 820 1035 Jischakus
859 972 1021 1018 dixerit
1058 970 1313 1019 Rebeccam
1351 973 1436 1019 effe
1468 971 1663 1020 sororem
1693 971 1835 1029 suam,
1887 971 2012 1020 ficut.
2037 973 2324 1021 Abrahamus
2366 978 2488 1038 prius
2525 979 2572 1025 in

579 1041 812 1101 AEgypto,
846 1038 977 1085 Gen:
1005 1053 1108 1083 xn:
1143 1054 1309 1086 11.12.
1337 1052 1409 1101 13.
1436 1055 1510 1102 19,
1547 1040 1595 1085 ὅτ
1620 1037 1772 1100 postea
1794 1039 1841 1085 in
1862 1038 2046 1095 Geram,
2083 1040 2216 1087 Gen:
2242 1057 2332 1087 xx:
2363 1058 2405 1090 2.
2427 1058 2572 1104 5.12,

577 1106 751 1152 dixerat
774 1105 927 1150 Saram
949 1102 1032 1149 efl'e
1065 1101 1260 1149 sororem
1299 1102 1439 1159 suam,
1476 1104 1617 1150 fimile
1641 1104 1856 1160 involvit,
1891 1117 1942 1151 ut
1966 1105 2109 1151 videri
2130 1106 2276 1168 potest
2303 1107 2358 1153 ab
2378 1109 2573 1171 explica-

578 1173 702 1219 tione
734 1170 788 1218 ad
825 1168 898 1216 illa
932 1168 1060 1223 loca3
1106 1169 1155 1216 &
1193 1169 1301 1231 quia
1338 1169 1482 1215 simile
1518 1169 1662 1215 tribus
1700 1168 1877 1216 vicibus
1915 1171 2179 1232 contigerat,
2215 1173 2263 1218 ὅτ
2288 1186 2472 1234 quoque
2501 1175 2576 1224 illa

579 1248 888 1285 memorantur
911 1236 958 1281 in
971 1233 1143 1290 Verbo,
1167 1233 1340 1281 constat
1363 1235 1490 1298 quod
1509 1250 1720 1282 arcanum
1747 1236 1935 1282 maximi
1959 1236 2183 1283 momenti
2207 1235 2276 1293 fit,
2302 1239 2429 1300 quod
2446 1241 2574 1298 inest,

559 1305 705 1367 *quod
727 1303 945 1364 nusquam
968 1301 1098 1348 alicui
1123 1313 1284 1348 notum
1309 1301 1392 1348 effi:
1414 1300 1561 1364 potest
1577 1317 1716 1365 quam
1739 1317 1795 1348 ex
1819 1300 1942 1348 sensu
1967 1303 2143 1349 interno
2157 1323 2173 1358 3
2198 1303 2310 1366 quid
2333 1316 2484 1359 autern
2502 1307 2573 1365 sit,

578 1382 700 1435 patet
722 1369 778 1416 ab
801 1369 886 1415 illis
908 1383 1014 1430 quae
1038 1366 1295 1430 sequuntur.
2444 1374 2447 1378 '

648 1440 788 1500 3387.
827 1435 951 1493 Quia
981 1435 1135 1480 timuit
1164 1433 1313 1482 dicere
1344 1433 1507 1482 mulier
1539 1449 1657 1491 mea,
1692 1432 1807 1482 forte
1839 1434 2050 1482 occidant
2070 1450 2147 1494 rme
2169 1434 2255 1482 viri
2280 1435 2367 1484 loci
2390 1451 2575 1503 propter

577 1504 852 1556 Rebeccam,
889 1500 1015 1564 quod
1042 1500 1261 1564 significet
1285 1501 1411 1564 quod
1445 1517 1537 1548 non
1567 1502 1718 1564 potuit
1746 1499 1912 1565 aperire
1945 1500 2036 1565 ipsa
2056 1502 2227 1548 Divina
2249 1518 2371 1560 vera,
2407 1505 2466 1552 fic
2490 1506 2575 1552 Di-

574 1572 740 1617 vinum
774 1569 958 1615 Bonum
984 1583 1077 1614 non
1108 1567 1394 1630 reciperetur,
1430 1567 1600 1615 constat
1622 1583 1680 1615 ex
1704 1566 2027 1630 significatione
2058 1569 2217 1614 timere
2248 1567 2410 1626 dicere,
2440 1571 2573 1634 quod

576 1636 631 1683 sit
663 1652 755 1683 non
781 1633 902 1696 poffe
933 1634 1132 1696 aperire3
1168 1648 1226 1679 ex
1260 1633 1586 1696 significatione
1619 1633 1834 1688 mulieris,
1869 1633 1943 1679 hic
1966 1632 2208 1689 Rebeccae,
2242 1635 2371 1696 quod
2403 1634 2457 1684 sit
2486 1638 2574 1689 Di-

577 1703 741 1748 vinum
779 1700 974 1748 Domini
1015 1698 1250 1745 Rationale
1295 1698 1448 1760 quoad
1483 1698 1712 1744 Divinum
1734 1698 1929 1754 Verum,
1965 1697 2022 1744 de
2051 1713 2140 1760 qua
2171 1713 2232 1747 n:
2261 1716 2402 1761 3012.
2426 1718 2587 1766 3013.,

579 1783 745 1831 3077·,
797 1781 855 1813 ex
897 1764 1222 1827 significatione
1265 1763 1468 1811 occidere
1514 1778 1603 1819 me,
1655 1762 1781 1826 quod
1826 1762 1880 1810 sit
1920 1779 2010 1810 non
2058 1763 2195 1826 recipi
2242 1763 2435 1824 bonum,
2478 1769 2578 1832 lper'

577 1831 846 1894 Jischakum
870 1831 1010 1886 enirn,
1043 1830 1123 1893 qui
1155 1829 1230 1877 hic
1269 1828 1332 1876 est
1367 1834 1465 1887 Me,
1501 1828 1838 1894 repraesentatur
1863 1828 2092 1876 Divinum
2115 1830 2298 1891 Bonum
2323 1826 2573 1888 Rationalis

574 1899 786 1955 Domini,
806 1914 882 1945 -nz
911 1913 1052 1960 3012.
1080 1913 1221 1960 3194.
1252 1913 1413 1959 3210;
1450 1908 1559 1943 tunc
1588 1897 1711 1942 enim
1742 1894 1917 1940 bonum
1950 1893 2119 1945 dicitur
2141 1895 2288 1941 occidi
2307 1894 2386 1958 ‘seu
2411 1900 2572 1960 perii-e,

575 1980 687 2018 cum
711 1981 804 2012 non
828 1963 1054 2026 recipitur,
1091 1978 1194 2009 nam
1230 1962 1284 2009 fit
1313 1962 1493 2010 nullum
1526 1960 1650 2024 apud
1682 1976 1822 2015 eum;
1859 1959 1907 2007 St
1929 1974 1987 2006 ex
2019 1959 2342 2022 fignificatione
2365 1964 2572 2018 virorum

576 2031 684 2088 loci,
719 2030 847 2094 quod
871 2029 956 2076 sint
979 2028 1044 2074 illi
1066 2030 1145 2091 qui
1170 2029 1217 2074 in
1240 2027 1561 2075 doctrinalibus
1584 2026 1707 2083 fidei,
1743 2025 1799 2073 de
1822 2041 1913 2089 qua
1943 2041 2054 2073 mox
2076 2026 2206 2090 supra
2228 2043 2290 2076 n:
2317 2033 2443 2093 3385
2466 2052 2482 2087 3
2514 2031 2574 2086 ex'

576 2097 646 2147 his
679 2112 799 2144 nunc
839 2106 978 2160 patet,
1013 2096 1115 2156 quis
1142 2093 1285 2142 sensus
1317 2094 1517 2141 internus
1556 2091 1745 2141 illorum
1781 2092 2026 2140 verborum
2067 2092 2147 2149 est,
2184 2110 2350 2157 nempe
2371 2096 2404 2143 fi
2428 2098 2571 2160 aperi-

576 2175 730 2216 rentur
754 2161 843 2226 ipsa
864 2177 970 2208 vera
990 2161 1174 2215 Divina,
1210 2160 1337 2222 quod
1378 2159 1435 2206 ab
1467 2158 1554 2206 illis
1586 2160 1667 2223 qui
1697 2159 1745 2205 in
1774 2158 2094 2206 doctrinalibus
2122 2159 2247 2223 fidei,
2268 2166 2375 2208 ‘non
2398 2164 2572 2227 recipe<
2597 2194 2624 2212 ,-

577 2242 747 2286 rentur,
782 2230 889 2291 quia
911 2241 1096 2275 omnem
1121 2240 1279 2273 eorum
1303 2224 1564 2277 rationalem
1589 2237 1791 2288 captum,
1826 2226 1888 2272 ita
1908 2241 2094 2272 ornnem
2125 2241 2284 2273 eorum
2317 2226 2458 2275 fidem
2493 2229 2574 2277 ex-‘

576 2288 760 2351 cedunt,
796 2295 847 2341 &
869 2291 1188 2355 consequenter
1209 2291 1321 2339 nihil
1347 2291 1465 2361 boni
1488 2308 1512 2339 a
1533 2292 1742 2339 Domino
1778 2292 1961 2341 influere
1993 2290 2152 2355 p'oss‘et,
2187 2293 2383 2346 Bimum,¹
2396 2295 2518 2343 enim
2543 2313 2571 2348 a
2626 2291 2631 2313 ³

575 2362 801 2420 Domino,
838 2359 910 2409 seu
934 2360 1119 2409 Bonum
1143 2358 1387 2415 Divinum,
1422 2373 1516 2406 non
1551 2358 1735 2406 influere
1774 2356 1919 2422 potest
1953 2357 2032 2405 nisi
2069 2359 2115 2404 in
2153 2363 2286 2415 vera,
2308 2358 2409 2408 sunt
2446 2362 2571 2410 enim

576 2444 682 2477 vera
702 2426 801 2474 vasa
832 2425 958 2481 boni,
994 2436 1047 2472 ut
1079 2423 1311 2472 multoties
1344 2423 1604 2481 ostensum·,
1651 2440 1756 2471 vera
1794 2423 1867 2472 seu
1904 2425 2174 2488 apparentiae
2209 2426 2304 2472 veri
2345 2426 2448 2474 sunt
2485 2428 2567 2479 ho·
2610 2432 2614 2436 ’

577 2496 693 2542 1111111
723 2494 826 2540 data
854 2503 1103 2555 propterea,
1139 2503 1191 2537 ut
1214 2492 1443 2539 Divinum
1469 2492 1651 2538 Bonum
1673 2491 2123 2554 queat'.intelle6l:uale
2146 2488 2240 2554 ejus
2261 2490 2470 2550 formare,
2508 2494 2570 2542 ita

577 2559 726 2624 ipsum
751 2559 1004 2613 hominem,
1040 2572 1144 2603 nam
1168 2556 1229 2604 ob
1251 2556 1391 2604 finem
1423 2568 1475 2604 ut
1507 2557 1691 2604 influere
1719 2558 1853 2621 poffit
1890 2556 2066 2607 bonum
2103 2555 2204 2603 sunt
2236 2572 2356 2612 vera,
2393 2558 2568 2614 bonum

575 2627 700 2679 enirn
738 2623 900 2686 absque
935 2622 1046 2669 vasis
1084 2621 1156 2669 seu
1195 2622 1485 2686 receptaculis
1519 2638 1612 2669 non
1643 2623 1817 2669 invenit
1848 2621 2020 2677 locum,
2056 2622 2162 2682 quia
2183 2636 2274 2667 non
2297 2621 2461 2668 statum
2486 2619 2576 2669 fibi·

574 2690 1015 2753 correspondentem‚
1051 2698 1325 2750 quapropter
1356 2687 1435 2735 ubi
1458 2703 1550 2734 non
1573 2702 1695 2743 vera,
1731 2686 1803 2733 seu
1836 2685 1914 2732 ubi
1944 2686 2017 2741 illa
2049 2701 2140 2732 non
2170 2697 2359 2750 recepta,
2395 2688 2458 2734 ibi
2482 2704 2566 2736 nec

576 2756 752 2805 bonum
783 2753 993 2804 rationale
1023 2764 1100 2800 aut
1123 2752 1395 2808 humanum,
1431 2751 1747 2814 consequenter
1784 2754 1881 2799 non'
1913 2751 2087 2799 homini
2125 2751 2273 2813 aliqua
2310 2754 2402 2800 vita
2442 2752 2568 2817 spiri-

573 2823 740 2877 tualisg
777 2832 830 2868 ut
867 2810 1017 2881 itaque
1055 2816 1194 2879 usque
1225 2817 1401 2865 homini
1438 2817 1524 2864 fint
1557 2833 1677 2873 vera,
1712 2817 1761 2864 ὅτ
1785 2816 1848 2864 1111
1873 2816 1975 2863 inde
1999 2818 2092 2862 vita
2115 2815 2368 2879 spiritualis,
2403 2819 2568 2867 dantur

574 2887 849 2951 apparentiae
868 2886 981 2940 veri,
1015 2883 1066 2933 &
1089 2882 1277 2945 quidem
1307 2883 1451 2929 cuivis
1483 2882 1731 2930 secundum
1764 2881 1893 2928 suum
1929 2893 2132 2944 captum,
2167 2897 2272 2945 quae
2297 2888 2569 2947 apparentiae

507 2961 511 2964 “
573 2952 875 3017 agnoscuntur
914 2944 998 3013 pro
1039 2949 1173 3005 veris,
1207 2949 1315 3011 quia
1347 2947 1449 2995 sunt
1480 2948 1606 3004 taleS,
1642 2959 1694 2996 ut
1724 2949 1772 2995 in
1803 2947 1890 2994 illis
1921 2949 2094 2995 Divina
2129 2949 2294 3010 poffint
2329 2951 2425 2998 effe.
2479 2953 2569 3006 'Ut
2627 3006 2631 3009 ,

574 3019 734 3068 11ε121111
754 3017 866 3080 quid
889 3014 1178 3078 apparentiae,
1214 3014 1264 3061 &
1286 3013 1413 3076 quod
1437 3013 1527 3060 illae
1551 3013 1636 3060 sint
1655 3029 1761 3076 quae
1785 3029 1870 3077 pro
1892 3014 2007 3060 veris
2027 3014 2209 3061 Divinis
2234 3013 2410 3063 homini
2436 3017 2567 3077 inser·

570 3086 720 3141 vium,
757 3084 842 3131 sint
872 3080 1148 3128 illustrationi
1180 3079 1421 3143 exempla3
1458 3079 1491 3125 fi
1513 3079 1734 3131 diceretur
1765 3080 1892 3143 quod
1925 3081 1971 3126 in
2005 3079 2128 3127 coelo
2166 3080 2288 3127 nulla
2323 3082 2421 3130 idea
2460 3084 2567 3141 1001,

570 3154 633 3207 113
651 3149 773 3206 nulla
796 3148 1016 3205 distantiae
1039 3147 1110 3205 fit,
1144 3143 1219 3202 sed
1242 3144 1369 3216 quod
1393 3160 1479 3215 pro
1499 3145 1588 3197 ‚illis
1619 3146 1704 3200 sint
1729 3145 1841 3198 ideae
1867 3144 2031 3207 status,
2069 3146 2155 3197 hoc
2185 3146 2240 3213 ab
2272 3147 2471 3213 ‚homine
2490 3165 2568 3197 ne·

637 3250 639 3253 .
2067 3239 2069 3241 “
2342 3231 2570 3282 quaquam
