2872 3730
541 207 895 273 CAPUT·
936 202 1511 268 VIGESIMUM
1564 191 2170 280 SECUNDUM.
2241 173 2370 294 '13

352 367 484 399 mum
508 343 862 413 repraesentetur,
897 344 949 394 δι
983 344 1031 392 in
1072 343 1195 392 sensu
1235 345 1412 391 interno
1449 342 1728 406 intelligatur
1755 343 2006 400 Dominus,
2053 362 2109 392 ex
2141 344 2358 393 omnibus

350 419 455 476 illis,
489 431 596 480 quae
631 413 918 478 praecedunt,
953 410 1034 460 ubi
1074 412 1132 460 de
1155 410 1425 460 Abrahamo
1463 410 1636 466 actum,
1686 422 1839 473 patet:
1892 410 2020 473 quod
2058 413 2354 460 Tentationes

348 485 625 549 graviffimae
650 482 700 528 ὅτ
723 482 900 528 intimae
922 480 1133 528 Domino
1155 477 1341 534 fuerint,
1377 494 1485 542 quae
1519 478 1572 523 ⁴in
1610 476 1731 523 sensu
1772 478 1950 524 interno
1990 478 2035 524 in
2072 477 2158 525 hoc
2191 479 2352 542 Capite

347 549 677 604 describuntur,
714 546 945 595 constabit.
1017 546 1164 610 Qod
1188 558 1342 593 autem
1366 546 1560 598 dicatur,
1595 543 1723 607 quod
1747 544 1874 590 Deus
1914 546 2167 601 tentaverit,
2203 545 2267 592 est
2289 545 2353 593 se-

347 617 554 666 cundum
579 613 751 662 sensum
778 615 938 670 literae,
975 615 1021 660 in
1050 630 1147 678 quo
1169 614 1437 660 tentationes
1459 613 1509 659 δε
1530 610 1664 674 plura
1686 609 1950 658 tribuuntur
1972 612 2092 668 Deo,
2129 624 2173 658 at
2196 611 2352 658 secun—

346 686 462 732 dum
502 682 677 730 sensum
712 683 942 732 internum
982 680 1062 737 est,
1099 681 1227 745 quod
1249 681 1376 727 Deus
1417 681 1648 726 neminem
1690 690 1847 734 tentet,
1875 675 2051 742 jugiter
2090 691 2201 726 tunc
2237 677 2351 725 libe-

344 751 487 809 rando
510 767 536 797 a
555 747 891 806 tentationibus,
927 759 1150 811 quantum
1173 747 1376 812 poffibile
1398 745 1469 794 seu
1494 758 1715 809 quantum
1740 744 1941 791 liberatio
1966 762 2057 792 non
2089 745 2260 792 malum
2285 743 2352 792 fa-

344 820 451 874 ciat,
487 818 538 864 δε,
566 815 743 880 jugiter
780 828 892 863 tunc
934 814 1174 879 spectando
1212 815 1404 870 bonum,
1442 814 1488 860 in
1529 812 1657 876 quod
1699 812 1828 858 ducit
1869 811 2000 859 illum
2026 814 2107 876 qui
2132 815 2178 859 in
2203 824 2349 859 tenta·

344 883 579 939 tionibus·,
614 884 742 930 Deus
765 884 888 930 enim
924 898 1160 945 nunquam
1197 881 1323 929 aliter
1361 883 1592 928 concurrit
1620 894 1729 926 cum
1765 879 2119 935 tentationibus;
2156 881 2205 927 δε
2231 892 2348 926 tam-

343 953 422 1001 etfi
458 950 734 1015 praedicatur
779 950 836 997 de
875 949 979 1013 Ipso
1011 949 1140 1012 quod
1178 949 1426 1013 permittat,
1480 946 1620 1011 usque
1656 962 1748 994 non
1785 945 1849 993 est
1889 945 2138 993 secundum
2181 947 2348 1003 ideam,

344 1035 484 1085 quam
516 1018 658 1065 homo
682 1017 739 1064 de
759 1018 1044 1081 permistione
1067 1016 1216 1073 habet,
1252 1032 1419 1080 nempe
1459 1014 1586 1078 quod
1622 1025 1860 1061 concurrat
1893 1013 2218 1077 permittendo,
2254 1029 2348 1060 non

342 1088 466 1135 enim
491 1084 615 1132 aliter
636 1101 792 1148 capere
816 1083 962 1148 potest
985 1083 1146 1140 homo,
1182 1099 1322 1147 quam
1347 1084 1427 1146 qui
1464 1081 1705 1146 permittit,
1742 1082 1879 1127 etiam
1905 1081 2030 1138 velit,
2066 1080 2139 1127 sed
2164 1081 2227 1128 est
2253 1096 2350 1127 ma-

343 1154 444 1200 lum
478 1152 600 1215 apud
642 1151 876 1199 hominem
909 1151 1037 1215 quod
1077 1149 1201 1206 facit,
1237 1152 1372 1197 etiam
1412 1149 1541 1212 quod
1581 1147 1759 1195 inducit
1794 1149 1838 1194 in
1863 1150 2181 1204 tentationem,
2218 1145 2348 1211 cujus

343 1219 472 1283 causa
510 1218 633 1265 nulla
663 1217 726 1264 est
751 1220 797 1264 in
820 1219 940 1274 Deo,
976 1218 1090 1265 sicut
1130 1217 1252 1264 nulla
1290 1216 1352 1263 est
1391 1217 1437 1262 in
1476 1217 1609 1278 Rege
1649 1227 1724 1261 aut
1766 1215 1809 1261 in
1837 1214 2020 1276 Judice,
2056 1215 2183 1279 quod
2206 1215 2349 1262 homo

344 1286 476 1334 faciat
502 1285 694 1340 malurn,
732 1286 779 1332 δε
806 1298 1042 1348 propterea
1064 1284 1158 1332 luat
1197 1300 1382 1347 paenas·,
1419 1284 1500 1347 qui
1539 1282 1663 1329 enim
1705 1281 1746 1328 se
1787 1280 1958 1345 separat
1996 1298 2021 1329 a
2058 1282 2237 1346 legibus
2275 1299 2352 1328 or-

344 1354 464 1402 dinis
487 1353 665 1407 Divini,
701 1368 809 1414 quae
847 1368 1007 1400 omnes
1046 1350 1146 1398 sunt
1170 1351 1286 1398 Boni
1321 1350 1370 1397 δε
1405 1349 1511 1396 inde
1529 1349 1654 1404 Veri,
1693 1347 1733 1395 se
1757 1346 1942 1411 conjicit
1977 1350 2024 1395 in
2047 1349 2168 1411 leges
2201 1349 2351 1395 ordini

346 1422 521 1467 Divino
558 1418 803 1482 oppositas,
838 1434 947 1482 quae
985 1416 1086 1465 sunt
1128 1418 1235 1465 mali
1271 1417 1321 1465 &
1362 1414 1474 1473 falfi,
1510 1417 1559 1463 &
1596 1415 1700 1462 inde
1746 1416 2041 1479 punitionum
2083 1417 2133 1463 δε
2174 1418 2346 1463 crucia-

343 1501 492 1535 tuum.

414 1553 556 1618 2769.
595 1552 659 1598 Et
681 1552 798 1598 dixit
820 1550 876 1597 ad
901 1566 1025 1607 eum,
1063 1549 1315 1605 Abraham,
1351 1548 1481 1612 quod
1522 1547 1745 1611 fignificet
1782 1550 2121 1612 perceptionem
2157 1549 2354 1595 Domini

343 1636 400 1669 ex
422 1620 598 1667 Divino
622 1619 762 1675 Vero,
798 1616 971 1664 constat
1009 1634 1034 1665 a
1070 1616 1397 1681 significatione
1435 1615 1582 1662 dicere
1623 1617 1669 1661 in
1705 1614 1923 1662 historicis
1950 1615 2103 1671 Verbi,
2139 1615 2266 1678 quod
2299 1614 2355 1661 fit

345 1688 589 1752 percipere,
627 1685 683 1732 de
707 1701 799 1748 qua
821 1702 878 1732 n:
914 1689 1051 1750 1898.
1085 1701 1225 1749 1919.
1254 1687 1396 1732 2080.
1427 1682 1586 1748 2619;
1640 1683 1689 1729 ὅτ
1729 1698 1753 1728 a
1793 1680 2180 1746 repraesentatione
2205 1681 2353 1730 Abra—

344 1755 467 1803 hami
505 1752 634 1817 quod
670 1753 723 1799 sit
746 1753 991 1799 Dominus.
1063 1750 1209 1816 Qod
1250 1751 1481 1815 perceptio
1525 1748 1661 1796 fuerit
1701 1765 1755 1796 ex
1779 1749 1956 1796 Divino
1980 1748 2119 1806 Vero,
2157 1748 2356 1796 constare

347 1820 496 1886 potest
528 1836 585 1867 ex
618 1837 692 1877 eo,
728 1821 834 1883 quia
865 1820 1033 1867 Deus
1071 1819 1335 1866 nominatur
1373 1833 1465 1864 non
1501 1818 1822 1878 Janovma,
1859 1815 1939 1862 ubi
1972 1816 2095 1864 enirn
2129 1817 2175 1862 in
2199 1816 2357 1862 Verbo

346 1890 499 1952 agitur
538 1886 594 1933 de
618 1887 759 1943 Vero,
797 1886 860 1933 ibi
901 1888 1164 1934 nominatur
1187 1887 1331 1941 Deus,
1368 1896 1412 1932 at
1450 1884 1531 1931 ubi
1567 1883 1624 1930 de
1659 1885 1806 1940 Bono,
1843 1885 2103 1931 nominatur
2127 1882 2351 1944 Jehovah,

348 1955 556 2002 videatur
581 1954 834 2016 n125863
871 1953 976 2001 inde
998 1953 1078 2010 est,
1114 1952 1243 2017 quod
1265 1954 1394 2000 Deus
1431 1951 1606 1998 dicatur
1646 1950 1692 1997 in
1728 1950 1815 1998 hoc
1838 1949 2000 2007 Versu,
2052 1964 2154 1997 tum
2204 1951 2250 1996 in
2292 1949 2356 1996 se—

348 2022 593 2086 quentibus
618 2020 758 2084 usque
782 2022 838 2068 ad
862 2019 1004 2068 Vers:
1039 2038 1113 2077 11,
1149 2020 1212 2067 ob
1246 2018 1422 2066 causam
1458 2019 1565 2083 quia
1603 2017 1666 2064 ibi
1707 2017 1765 2065 de
1800 2019 2047 2065 tentatione
2081 2018 2265 2080 agitur3
2303 2017 2353 2063 δε

346 2089 474 2152 quod
499 2091 546 2136 in
569 2087 707 2135 Vers:
743 2105 792 2137 11
823 2089 872 2135 &
897 2090 943 2134 in
969 2087 1055 2134 illis
1077 2088 1158 2152 qui
1191 2087 1455 2150 sequuntur,
1492 2086 1669 2132 dicatur
1691 2085 1921 2145 Jehovah,
1956 2084 2021 2131 est
2043 2086 2151 2147 quia
2173 2084 2235 2131 ibi
2259 2085 2355 2146 agi·

346 2169 423 2203 tur
446 2156 504 2203 de
527 2155 822 2211 liberatione3
858 2170 915 2202 ex
938 2156 1062 2202 Vero
1101 2156 1223 2201 enim
1255 2153 1318 2201 est
1354 2153 1504 2200 omnis
1541 2153 1731 2199 tentatio
1771 2153 1820 2200 &
1859 2151 2109 2207 damnatio,
2144 2167 2201 2198 ex
2224 2152 2356 2198 Bono

347 2235 498 2270 autem
521 2222 586 2270 est
607 2225 758 2270 omnis
782 2222 988 2270 liberatio
1009 2223 1057 2270 &
1080 2221 1294 2277 salvatio;
1330 2219 1458 2285 quod
1480 2220 1659 2267 Verum
1699 2218 1887 2267 damnet
1908 2219 1958 2266 δε
1984 2220 2168 2266 Bonum
2202 2216 2355 2272 salvet,

347 2289 555 2336 videatur
579 2306 637 2336 n:
672 2291 810 2352 1685.
833 2294 976 2351 2258.
1005 2306 1150 2352 2335.

419 2369 562 2418 2770.
600 2357 666 2400 Et
704 2356 837 2412 dixit,
873 2371 975 2402 ecce
1011 2372 1118 2417 eg0,
1154 2355 1282 2418 quod
1328 2354 1550 2417 significet
1590 2355 1917 2416 cogitationem
1958 2353 2006 2399 δι
2049 2351 2355 2405 reflexionem,

352 2420 526 2469 constat
549 2436 605 2467 ex
638 2419 964 2481 fignificatione
1005 2421 1168 2475 dicere,
1205 2421 1333 2481 quod
1356 2421 1410 2465 fit
1432 2420 1660 2481 percipere
1682 2436 1712 2464 n
1733 2438 1744 2465 :
1773 2420 1919 2481 2769,
1956 2419 2028 2463 hic
2053 2429 2203 2462 autem
2227 2418 2355 2478 cogi—

350 2501 444 2535 tare
469 2487 518 2534 &
544 2486 781 2542 reflectere,
818 2486 924 2548 quia
955 2483 1019 2531 cst
1043 2484 1253 2548 responfi,
1290 2486 1442 2531 omnis
1466 2485 1588 2531 enim
1613 2484 1831 2546 cogitatio
1855 2487 1904 2533 δε
1928 2483 2033 2530 inde
2074 2483 2254 2530 reflexio
2277 2498 2355 2528 ve-

351 2556 420 2601 nit
442 2570 465 2601 a
488 2552 793 2616 perceptione,
830 2568 889 2598 n:
919 2568 1056 2616 1919.
1086 2567 1228 2613 2515.
1257 2567 1400 2614 2552-

421 2637 563 2685 2771.
602 2617 744 2666 Vers:
773 2635 815 2668 2.
865 2619 930 2666 Et
968 2617 1096 2674 dixit,
1146 2620 1287 2679 accipe
1325 2616 1458 2682 quaeso
1491 2616 1636 2675 filium
1678 2625 1818 2672 tuum,
1871 2618 2038 2664 unicum
2069 2625 2206 2671 tuum,
2240 2631 2357 2679 quem

351 2705 487 2744 amas,
523 2686 793 2750 Jischakum,
830 2684 885 2733 δέ’
926 2685 1037 2731 vade
1076 2685 1158 2731 tibi
1197 2684 1258 2732 ad
1288 2693 1452 2731 'terram
1478 2683 1678 2739 Moriah‚
1716 2683 1772 2731 69³
1796 2680 1903 2744 offer
1933 2698 2024 2730 eum
2057 2682 2119 2729 ibi
2157 2684 2202 2728 in
2242 2682 2355 2729 holo·

352 2755 552 2814 caustum,
594 2754 726 2815 super
766 2768 846 2798 uno
885 2754 1102 2809 montium,
1138 2767 1254 2815 quem
1293 2751 1384 2800 dico
1423 2750 1484 2797 ad
1519 2761 1574 2798 te.
1645 2751 1795 2806 Dixit,
1832 2752 1985 2813 accipe
2019 2747 2174 2812 quaeso
2210 2748 2357 2795 filium

351 2834 507 2877 tuum,
542 2819 765 2882 fignificat
786 2819 1014 2865 Divinum
1041 2818 1275 2865 Rationale
1307 2818 1364 2864 ab
1397 2818 1501 2880 Iplo
1534 2817 1773 2880 genitum:
1810 2817 2000 2862 unicum
2042 2828 2176 2862 tuum
2218 2831 2357 2878 quem

354 2904 492 2944 amas,
529 2886 752 2948 fignificat
775 2884 920 2932 solum
947 2886 991 2931 in
1017 2883 1239 2941 universo,
1275 2901 1370 2948 quo
1399 2884 1645 2930 salvaturus
1683 2899 1826 2946 genus
1863 2883 2147 2930 humanum:
2185 2881 2356 2942 Jischa·

320 3012 321 3015 Ἰ
356 2954 492 3010 kum,
528 2953 749 3016 fignificat
784 2952 915 3015 quale
953 2949 1074 3014 ejus:
1113 2953 1161 2998 &
1187 2950 1301 2998 vade
1325 2951 1408 2998 tibi
1440 2950 1497 2997 ad
1531 2963 1692 2996 terram
1719 2949 1920 3005 Moriah,
1957 2948 2176 3011 fignificat
2202 2947 2357 2995 locum

314 3017 323 3025 ’
356 3022 407 3068 ὅτ
430 3020 595 3067 statum
619 3020 878 3066 tentationis
898 3037 909 3065 z
947 3019 996 3065 &
1020 3018 1134 3066 offer
1155 3034 1262 3065 eum
1287 3018 1349 3065 ibi
1373 3019 1420 3064 in
1443 3016 1775 3073 holocaustum,
1803 3015 2027 3079 fignificat
2050 3015 2176 3078 quod
2203 3014 2359 3062 sancti—

359 3085 510 3134 ficaret
547 3084 695 3149 ipsum
735 3086 939 3132 Divino:
977 3083 1108 3148 super
1146 3101 1240 3132 uno
1287 3085 1536 3140 montium,
1588 3083 1812 3148 fignificat
1858 3097 2060 3131 amorem
2095 3082 2358 3132 Divinum:

359 3169 500 3216 quem
522 3153 627 3201 dico
649 3151 749 3210 tibi,
783 3151 1005 3216 fignificat
1026 3151 1140 3200 ficut
1165 3164 1458 3217 percepturus
1483 3150 1549 3199 fit.

2213 3227 2358 3277 2772,
