2872 3730
627 153 964 224 CAPUT
1011 151 1578 233 V'IGESIMUM
1627 160 2124 251 QUINTUM.
2247 183 2378 249 231

387 296 463 347 hic
497 294 728 361 qualitates
751 298 858 360 Quae
880 297 927 344 in
950 295 1055 353 illis,
1091 293 1164 342 seu
1196 310 1303 357 quae
1335 294 1488 358 quoad
1520 294 1610 352 illa,
1646 292 1734 341 hoc
1765 292 1844 349 est,
1882 294 2145 353 interiores3
2192 297 2241 345 ὅτ
2275 297 2385 361 quia

386 365 460 413 hae
482 364 715 428 qualitates
749 363 851 412 sunt
873 361 1122 410 secundum
1144 359 1440 406 derivationes
1474 361 1599 420 fidei,
1635 376 1741 422 quae
1765 359 2070 422 significantur
2095 380 2190 425 per,
2226 364 2384 411 secun-

386 432 502 479 dum
527 431 781 479 nativitates
801 443 957 476 eorum
978 449 993 482 3
1029 425 1155 489 quod
1180 427 1432 473 nativitates
1470 427 1553 473 sint
1577 427 1876 474 derivationes
1904 427 2024 483 fidei,
2064 432 2122 474 ita
2146 430 2377 492 Ecclefiae,

386 499 594 546 videatur
627 512 694 544 n:
725 511 862 557 1145.
893 503 1032 555 1255.
1065 509 1204 556 1330.
1233 493 1374 556 3263.
1446 493 1569 539 Cum
1604 493 1803 539 Ecclesia
1841 493 2069 556 Spiritu-ali
2091 495 2285 543 Domini
2321 498 2387 544 ita-

387 563 428 612 se
453 563 598 619 habet,
633 562 758 624 quod
785 559 924 623 sparsa
956 559 1010 606 fit
1042 575 1124 622 per
1153 570 1304 606 totum
1333 571 1554 605 terrarum
1588 559 1760 615 orbem,
1799 559 1847 606 &
1884 560 2009 622 quod
2049 560 2195 607 ubivis
2227 561 2379 623 quoad

386 628 610 679 credenda
644 626 717 674 seu
740 641 848 673 vera
870 625 996 683 fidei,
1031 626 1086 674 fit
1108 626 1261 681 varia;
1297 626 1530 671 varietates
1564 626 1630 672 illi
1665 624 1766 672 sunt
1791 626 2090 672 derivationes
2111 643 2218 689 quae
2242 628 2378 690 ligni-

386 697 579 744 ficantur
616 708 696 756 per
730 693 998 749 nativitates,
1040 708 1147 756 quae
1193 704 1287 739 tam
1327 691 1462 738 simul
1500 691 1663 738 eodem
1698 704 1920 754 tempore,
1969 709 2108 755 quam
2144 692 2380 742 succcffive.

382 760 607 820 existu,nt·‚
649 758 798 822 ipsum
823 760 1045 822 Regnum
1067 759 1305 822 Spiritual'e
1324 759 1520 805 Domini
1559 759 1605 804 in
1637 758 1769 805 coelis
1799 760 1935 806 etiam
1975 759 2038 805 est
2073 759 2175 815 tale,
2214 777 2379 824 nempe

381 826 532 892 quoad
556 825 632 872 illa
651 841 759 889 quae
782 823 886 872 sunt
907 825 1032 883 fidei,
1067 826 1265 882 varium,
1302 824 1440 887 usque
1475 825 1604 881 adeo,
1646 837 1698 870 ut
1732 841 1827 871 non¹
1864 825 1918 871 sit
1961 841 2046 871 una
2086 825 2282 883 societas,
2323 844 2378 874 ne

381 893 569 958 quidem
594 907 711 939 unus
734 892 781 947 in
806 891 1028 949 societate,
1065 892 1144 955 qui
1168 893 1215 938 in
1250 890 1336 938 illis
1359 906 1465 953 quae
1490 889 1590 937 sunt
1614 886 1708 937 veri
1731 891 1855 948 fidei,
1897 891 2076 955 prorsus
2099 893 2379 941 concordem

380 976 490 1008 curn
526 959 622 1006 aliis
654 958 802 1006 ideam
827 957 1002 1015 habeat,
1037 976 1066 1006 n
1086 977 1098 1007 :
1120 975 1241 1022 3241
1270 980 1283 1013 ;
1324 956 1397 1004 sed
1434 956 1572 1020 usque
1595 958 1817 1020 Regnum
1842 958 2079 1020 Spirituale
2103 959 2295 1006 Domini
2330 963 2382 1007 in

378 1026 512 1074 coelis
534 1025 597 1073 est
620 1041 800 1082 unum;
835 1024 964 1072 causa
985 1024 1064 1082 est,
1088 1026 1195 1089 quia
1218 1023 1408 1071 charitas
1432 1022 1646 1071 omnibus
1670 1023 1731 1071 est
1755 1025 2016 1087 principale,
2042 1025 2228 1072 charitas
2252 1028 2383 1074 enim⁴

379 1091 488 1140 facit
510 1091 759 1141 Ecclesiam
794 1089 1087 1156 spiritualem,
1124 1107 1217 1140 non
1252 1091 1412 1147 fidem,
1449 1090 1530 1137 nisi
1553 1091 1693 1136 fidem
1728 1091 1849 1138 dicas
1883 1091 2176 1148 charitatem3
2215 1096 2295 1156 qui
2330 1095 2383 1141 in

378 1158 591 1208 charitate
625 1157 706 1216 est,
742 1159 789 1206 is
811 1159 1080 1222 proximum
1108 1170 1248 1214 amat,
1283 1158 1332 1204 δε
1363 1157 1491 1221 quod
1532 1156 1751 1204 diffentiat
1790 1174 1815 1204 a
1852 1157 1892 1204 se
1923 1159 1969 1204 in
2001 1159 2251 1216 credendis,
2288 1159 2376 1209 hoc
2450 1211 2454 1216 ,

379 1223 576 1282 excusat,
613 1224 755 1273 modo
778 1225 825 1270 in
849 1224 972 1273 bono
994 1226 1043 1272 δε
1068 1240 1178 1272 vero
1200 1225 1356 1279 vivat,
1392 1224 1528 1270 etiam
1552 1236 1709 1287 gentes
1739 1223 1919 1287 probaS,
1955 1224 2129 1271 tametsi
2162 1226 2376 1288 ignorant

378 1292 660 1348 Dominum,
695 1291 744 1338 δε
767 1306 859 1338 non
882 1291 1054 1355 aliquid
1086 1291 1193 1339 fidei
1218 1298 1402 1346 norunt,
1438 1306 1533 1337 non
1567 1291 1755 1338 damnat
1775 1314 1789 1346 3
1826 1292 1906 1354 qui
1930 1292 2051 1338 enirn
2076 1292 2124 1338 in
2147 1291 2383 1351 charitate,

378 1357 466 1405 hoc
501 1357 582 1415 est,
618 1359 664 1405 in
705 1357 829 1407 bono
863 1359 998 1414 vivit,
1033 1358 1070 1405 is
1100 1375 1126 1405 a
1150 1358 1357 1404 Domino
1390 1358 1550 1420 recipit
1574 1372 1694 1413 vera,
1730 1357 1879 1420 qualia
1917 1355 2011 1420 ejus
2048 1357 2170 1405 bono
2209 1374 2376 1407 conve-·

379 1425 528 1482 niunt,
563 1426 613 1473 &
637 1435 794 1488 gentes
819 1424 920 1472 talia
945 1440 1051 1488 quae
1075 1424 1122 1472 in
1156 1424 1290 1472 altera
1312 1425 1407 1471 vita
1430 1423 1546 1470 flesti
1571 1424 1751 1487 poffunt
1785 1426 1830 1471 in
1854 1439 1959 1471 vera
1982 1424 2108 1488 fidei,
2144 1441 2175 1471 n
2196 1443 2206 1473 :
2229 1443 2254 1474 2
2262 1444 2373 1491 599.

379 1492 522 1540 2600.
551 1493 693 1541 2601.
721 1492 863 1540 2602.
892 1490 1052 1554 2603;
1091 1502 1136 1538 at
1170 1491 1250 1554 qui
1284 1506 1378 1537 non
1411 1491 1458 1536 in
1483 1490 1694 1537 charitate
1718 1490 1797 1548 est,
1833 1490 1919 1538 hoc
1950 1491 2030 1547 est,
2067 1507 2159 1538 non
2183 1493 2230 1539 in
2254 1492 2387 1541 bono=

374 1558 510 1614 vivit,
547 1558 583 1603 is
605 1556 827 1619 nusquam
851 1555 999 1619 potest
1019 1557 1204 1619 aliquod
1227 1571 1390 1602 verum
1415 1557 1645 1618 recipere3
1685 1556 1793 1603 scire
1815 1558 2002 1619 quidem
2026 1574 2186 1604 verum
2211 1558 2375 1622 potest,

375 1620 450 1670 fed
474 1639 566 1670 non
589 1620 684 1685 ejus
706 1623 818 1669 vitae
847 1621 1158 1685 implantatur,
1194 1622 1254 1668 ita
1279 1620 1326 1668 id
1356 1624 1401 1668 in
1436 1637 1512 1667 ore
1544 1621 1735 1683 quidem
1760 1622 1906 1685 potest
1935 1622 2064 1680 ferre,
2106 1623 2180 1671 sed
2211 1640 2306 1671 non
2330 1626 2378 1673 in

375 1688 548 1745 corde3
587 1703 753 1736 verum
776 1688 897 1736 enim
932 1694 1024 1735 non
1050 1686 1269 1752 conjungi
1307 1684 1470 1751 potest*
1488 1687 1627 1744 malo,
1662 1704 1800 1750 quare
1831 1691 1968 1736 etiam
2004 1690 2087 1747 illi,
2122 1690 2203 1754 qui
2232 1690 2388 1739 sciunt·

373 1770 495 1812 vera,
530 1771 636 1819 quae
655 1767 877 1804 vocantur
898 1755 1140 1813 credenda,
1177 1755 1226 1802 &
1250 1771 1344 1802 non
1366 1755 1412 1801 in
1442 1752 1655 1802 charitate
1679 1754 1750 1801 seu
1776 1756 1822 1801 in
1847 1754 1971 1803 bono
1993 1759 2177 1814 vivunt,
2203 1758 2377 1806 tametfi

373 1822 422 1868 in
447 1821 646 1871 Ecclesia
674 1821 795 1879 sunt,
829 1822 935 1885 quia
966 1821 1029 1868 ibi
1054 1822 1162 1879 nati,
1198 1820 1338 1885 usque
1361 1833 1514 1869 tamen
1543 1836 1636 1868 non
1670 1821 1727 1869 ab
1750 1821 1951 1869 Ecclesia
1983 1821 2103 1880 sunt,
2136 1839 2243 1872 nam
2265 1824 2387 1874 nihil·

375 1886 592 1936 Ecclesiae
621 1886 686 1934 est
708 1888 756 1936 in
777 1887 1006 1944 illisshoc
1029 1887 1110 1945 est,
1147 1887 1256 1952 nihil
1283 1888 1411 1945 boni,
1444 1889 1516 1935 cui
1549 1886 1854 1954 conjungatur
1874 1904 2055 1938 verum.
2263 1944 2266 1946 Α

446 1955 588 2018 3268.
625 1953 769 2002 Filius
803 1955 1136 2018 primogenitus
1172 1951 1466 2015 Jischmaelis‚
1502 1954 1753 2020 Nebajoth,
1803 1957 1853 2003 δε
1891 1955 2060 2013 Kedar,
2100 1954 2152 2004 ὅτ
2176 1956 2383 2017 Abdeel,

303 2048 306 2050 -
377 2020 428 2068 &
469 2019 687 2077 Mibsam,
723 2021 772 2068 &
814 2019 1093 2077 Mischmah,
1128 2021 1334 2078 Dumah,
1374 2023 1425 2069 &
1465 2021 1631 2079 Massa,
1667 2021 1863 2079 Chadar‚
1906 2024 1956 2070 δε
1990 2021 2188 2081 Thema,
2224 2025 2375 2086 Jetur,

376 2086 625 2150 Naphisch,
663 2087 715 2134 &
735 2086 964 2143 Kedmah,
987 2085 1128 2149 'quod
1153 2087 1408 2149 significent
1440 2090 1595 2135 omnia
1618 2105 1725 2153 quae
1759 2087 1861 2136 sunt
1884 2088 2100 2137 Ecclesiae
2121 2088 2375 2154 spiritualis,

376 2153 647 2216 cumprimis
679 2152 803 2216 apud
836 2164 1011 2216 gentes,
1048 2153 1222 2200 constat
1244 2168 1301 2199 ex
1323 2151 1711 2214 repraesentatione
1743 2155 1910 2204 horum
1946 2157 2028 2220 qui
2063 2158 2382 2216 nominantur,

374 2220 565 2282 quidam
604 2235 662 2267 ex
699 2217 788 2266 illis
827 2230 1142 2266 memorantur-
1177 2219 1224 2266 in
1248 2217 1408 2266 Verbo
1442 2219 1671 2281 imprimis
1705 2220 1991 2284 prophetico,
2030 2235 2084 2271 ut
2122 2223 2373 2289 Nebajoth,
2405 2230 2409 2234 ’

374 2284 544 2340 Kedar‚
579 2285 784 2341 Dumah,
818 2285 869 2332 ὅτ
891 2286 940 2332 T
941 2280 1176 2342 hema,'&
1212 2284 1277 2333 ibi
1313 2284 1567 2348 significant
1604 2284 1723 2343 talia,
1758 2302 1866 2351 quae
1898 2286 2001 2336 sunt
2026 2289 2243 2336 Ecclesiae
2269 2292 2372 2355 Spi-

374 2350 546 2413 ritualis
581 2350 852 2413 cumprimis
883 2351 1006 2414 apud
1043 2362 1230 2413 gentes;
1276 2351 1325 2398 &
1351 2362 1567 2414 praeterea
1598 2365 1722 2415 patet
1759 2369 1816 2399 ex
1855 2369 1926 2410 e0,
1962 2354 2088 2416 quod
2126 2354 2374 2404 duodecim

375 2415 479 2473 fint,
513 2416 565 2465 &
599 2432 680 2480 per
703 2416 948 2464 duodecim
980 2416 1290 2480 significentur
1325 2417 1480 2464 omnia
1508 2433 1616 2480 quae
1648 2417 1750 2465 sunt
1788 2418 1920 2476 fidei,
1954 2420 2015 2467 ita
2044 2419 2277 2480 Ecclefiae,
2314 2422 2375 2470 de

372 2498 466 2545 qua
488 2498 535 2531 re
563 2483 610 2530 in
634 2482 918 2547 sequentibus
938 2506 954 2539 3
997 2475 1049 2535 ’ὅτ
1084 2484 1186 2532 ideo
1218 2484 1267 2531 in
1291 2482 1432 2530 Versu
1467 2483 1539 2547 seq
1561 2502 1572 2532 z
1597 2484 1656 2533 16
1689 2485 1873 2542 dicitur,
1911 2486 2039 2549 quod
2063 2484 2232 2535 fuerint
2254 2488 2373 2537 duo-

373 2548 524 2596 decim
555 2549 782 2613 principes
817 2550 1098 2614 populorum
1129 2549 1330 2599 suorum.
1402 2550 1550 2612 Qod
1585 2566 1664 2614 per
1685 2549 1916 2616 Nebajoth
1949 2553 1999 2599 ὅτ
2022 2552 2174 2600 Kedar
2206 2570 2372 2618 reprae-

313 2644 319 2654 ·
373 2613 603 2663 fiententur
638 2616 712 2663 illa
750 2633 857 2679 quae
895 2615 996 2664 sunt
1019 2616 1235 2664 Ecclefiae
1270 2616 1515 2680 spirituales
1537 2618 1808 2680 cumprimis
1841 2617 1963 2682 apud
1995 2631 2168 2682 gentes,
2207 2637 2373 2685 nempe

372 2679 470 2746 ejus
510 2682 628 2730 bona
659 2698 710 2731 ac
749 2684 856 2731 inde
878 2699 1015 2742 vera,
1035 2682 1205 2731 constat
1238 2683 1362 2747 apud
1382 2681 1577 2741 Esaiam,
1614 2689 1649 2710 “
1673 2684 1854 2732 Turma
1883 2685 2162 2733 camelorum
2187 2686 2381 2752 obteget?

371 2758 435 2805 te,
471 2748 710 2797 dromadas
735 2750 956 2798 Midianis
994 2750 1045 2798 &
1069 2751 1238 2814 Ephae,
1277 2766 1436 2797 omnes
1472 2763 1498 2797 a
1519 2750 1692 2798 Scheba
1714 2751 1959 2806 venient3·
1981 2768 2141 2800 aurum
2181 2753 2231 2801 δε
2267 2754 2373 2810 thus

373 2815 636 2878 portab'unt,
677 2817 726 2864 δε
765 2817 916 2864 laudes
946 2817 1137 2878 Jehovae
1175 2816 1534 2866 annuntiabunt:
1582 2818 1752 2866 Omnis
1778 2834 1886 2880 grex
1910 2819 2091 2866 Kedaris
2122 2835 2371 2884 congrega-

374 2879 545 2929 buntur
582 2883 696 2939 tibi;
736 2886 904 2932 Arietes
926 2879 1147 2947 Nebqjoth
1183 2883 1500 2932 ministrabunt
1535 2885 1637 2942 tibi,
1682 2884 1918 2932 ascendent
1955 2886 2012 2932 ad
2037 2885 2382 2950 beneplacitum-2

374 2947 506 2996 altare
549 2950 758 3006 meum,''
804 2951 964 2998 sz6.
994 2967 1057 3015 73
1111 2951 1173 2998 ibi
1208 2953 1254 2998 in
1287 2950 1499 3014 supremo
1533 2950 1659 2998 sensu
1696 2952 1754 2998 de
1793 2952 2018 3010 Domino,
2055 2953 2101 2999 in
2139 2952 2262 3000 sensu
2302 2970 2371 3001 re-

372 3011 575 3075 speffrvo
614 3017 670 3064 de
695 3018 861 3081 Regno
887 3017 1046 3082 Ipsius,
1086 3033 1198 3081 grex
1219 3018 1408 3066 Kedaris
1440 3034 1528 3082 pro
1564 3018 1688 3066 bono
1709 3017 1959 3083 spirituali3
2007 3018 2134 3082 quod
2165 3035 2279 3083 grex
2317 3019 2373 3066 fit
2417 3035 2422 3038 ·

335 3098 355 3112 ¹-
376 3078 596 3140 spirituale
617 3083 810 3140 bonum,
848 3084 1052 3133 videatur
1087 3101 1147 3132 n:
1171 3101 1419 3149 343.x415.
1449 3085 1576 3148 2566
1594 3106 1609 3141 3
1655 3086 1836 3133 Arietes
1873 3083 2104 3147 Nebajoth
2141 3101 2226 3148 pro
2260 3100 2369 3132 vero

377 3144 606 3208 spirituali,
641 3150 767 3211 quod
790 3150 924 3200 Aries
955 3150 1012 3200 fit
1033 3149 1258 3217 spirituale
1279 3166 1460 3210 verum,
1495 3168 1554 3202 n:
1576 3155 1701 3217 2833
1722 3170 1734 3202 ι
1781 3151 1908 3215 quod
1930 3151 2082 3202 Kedar
2105 3151 2158 3202 fit
2182 3150 2377 3262 Arabiae}
