2872 3730
451 270 498 311 a·
525 244 659 336 Qio
691 240 862 308 Fides
889 269 910 323 ;
934 304 939 309 .
951 255 1067 330 per
1103 242 1347 305 Petram
1399 241 1482 306 ibi
1535 241 1890 330 intelligitur
1941 243 2047 308 illa
2100 243 2293 324 Fides,
2369 261 2441 308 ut

455 337 644 402 ubivis
687 334 833 399 alibi
886 339 948 400 in
981 334 1178 399 Verbo
1207 363 1226 415 3
1257 331 1452 422 super
1485 333 1609 398 Illa
1657 333 1995 422 aedificatur
2022 337 2331 425 *Ecclefia,·
2359 334 2442 404 &3⁹

455 447 663 494 contra
698 428 879 493 Illam
919 442 1112 514 portae
1169 427 1395 514 inferni
1446 450 1557 490 non
1604 427 1982 513 praevalent,
2035 427 2118 495 &³
2166 429 2257 492 illi
2275 418 2447 493 Fidei

437 520 593 611 sunt
625 519 838 584 Claves
872 521 1065 607 Regni
1095 518 1409 598 Coelorum,
1460 516 1684 582 claudit
1732 519 1855 582 Illa
1901 520 2128 600 coelum,
2176 534 2249 585 ne
2279 521 2447 584 mala

459 611 542 681 89⁹
559 610 734 702 falsa
768 616 1013 690 intrent,
1065 609 1147 677 &⁹
1180 615 1377 697 aperit
1411 610 1533 674 Illa
1565 609 1772 673 coelum
1798 625 1915 697 pro
1943 611 2098 675 bonis
2130 611 2212 680 &3⁹
2243 617 2440 692 veris;

457 703 549 769 hic
597 703 675 790 est
707 702 918 793 Sensus
950 700 1233 767 Internus
1266 702 1473 766 horum
1506 701 1822 766 verborum
1851 733 1873 769 .·
1922 703 2250 768 Duodecim
2273 705 2454 791 Apo-.

438 794 597 882 stoli,
630 797 790 886 ficut
818 794 1143 860 Duodecim
1178 791 1389 857 Tribus
1422 792 1684 882 Israelis,
1734 818 1847 858 non
1900 795 2074 860 aliud
2121 793 2444 885 repraesen-

457 906 695 970 tarunt,
760 912 941 977 quam
996 891 1186 951 omnia
1242 885 1413 950 Fidei
1474 886 1632 964 talis,
1682 910 1769 950 n:
1811 882 1963 974 57'7.
2006 891 2203 972 2889.
2242 910 2442 971 2129.
2523 963 2527 967 1

463 1004 497 1046 2
515 1006 541 1044 1
559 1003 642 1064 30
652 982 717 1070 f
728 1008 747 1059 ;
798 982 1020 1044 Petrus
1074 976 1259 1066 ipsam
1307 977 1531 1058 Fidem,
1607 976 1871 1067 Jacobus
1928 978 2304 1059 charitatem,
2361 978 2444 1048 ὅ)

454 1072 762 1162 Johannes
826 1072 973 1135 bona
1032 1070 1366 1150 charitatis,
1437 1069 1723 1134 videatur
1771 1070 2070 1160 Praefatio
2130 1071 2220 1136 ad
2264 1071 2394 1160 Cap
2421 1100 2470 1159 ·’.

457 1189 625 1228 xv111
660 1162 891 1251 Genes:
923 1163 1203 1250 stmiliter
1257 1187 1328 1226 ac
1379 1161 1604 1240 Ruben,
1671 1161 1918 1242 Simeon,
1969 1161 2053 1230 ὅ
2083 1165 2263 1242 Levi,
2306 1166 2448 1251 pri-

452 1261 729 1344 mogeniti
758 1255 993 1345 Jacobi,
1045 1260 1106 1318 in
1164 1253 1421 1342 Ecclefia
1483 1251 1996 1340 Reprcestentativa
2029 1254 2306 1344 Judaica
2362 1252 2446 1322 &³

454 1348 810 1436 Israelitica,
859 1346 1017 1436 quod
1068 1372 1139 1409 ex
1193 1346 1350 1410 mille
1380 1345 1509 1409 locis
1551 1350 1612 1408 in
1648 1344 1844 1409 Verbo
1877 1342 2135 1446 constan
2187 1344 2270 1414 ὅ
2304 1349 2447 1434 quia

450 1441 673 1504 Petrus
723 1438 1021 1528 referebat
1063 1437 1287 1517 Fidem,
1338 1437 1443 1519 illa
1494 1436 1683 1502 verba
1738 1436 1830 1502 ad
1880 1460 2011 1503 eum
2065 1437 2229 1525 dift'a
2267 1436 2444 1525 sunt..

452 1532 558 1596 Ex
613 1531 700 1595 his
740 1546 932 1618 patet,
982 1536 1044 1594 in
1098 1554 1245 1619 quas
1304 1527 1575 1592 tenebras
1624 1530 1935 1616 conjiciunt
1970 1528 2064 1617 se,
2127 1528 2210 1595 35⁹?
2238 1527 2446 1615 secum

450 1623 610 1703 alios,
660 1628 764 1713 qui
819 1623 1113 1710 explicant
1162 1624 1354 1685 omnia
1399 1619 1731 1709 secundum
1790 1620 2052 1702 literam,
2103 1637 2173 1685 ut
2206 1623 2310 1709 qui
2338 1620 2445 1687 illa

449 1714 637 1779 verba
669 1714 759 1779 ad
774 1716 1048 1794 Petrum,
1095 1713 1301 1803 quibus
1358 1712 1647 1801 derogant
1690 1714 1972 1795 .Domino,
2023 1712 2107 1782 &⁹
2116 1711 2235 1803 fibi
2265 1736 2445 1777 arro-

441 1826 622 1895 gant,
663 1804 1005 1898 potestatem
1015 1805 1319 1898 salvandi
1350 1805 1552 1871 Genus
1585 1804 1927 1871 humanum.
