2872 3730
487 269 571 328 62
998 263 1957 329 GENESIS.

487 396 562 431 aut
602 384 785 448 nigrum
821 383 997 441 faeere3
1043 383 1136 433 esto
1173 401 1283 433 vero
1330 384 1474 445 sermo
1518 383 1678 440 vester,
1731 385 1828 431 imo
1872 385 1985 440 im0,
2047 398 2139 431 non
2187 399 2295 441 non,
2349 385 2479 449 quod

491 451 607 497 ultra
643 452 742 499 haec
775 451 853 511 est,
894 468 951 499 ex
988 451 1111 498 malo
1149 451 1262 508 est,’'
1304 467 1361 499 v:
1392 468 1466 515 33.
1497 469 1571 516 34.
1598 468 1675 513 35.
1703 451 1779 514 36.
1809 466 1904 514 373
1946 449 2215 514 intelligitur
2255 466 2333 512 per
2363 451 2482 508 haec,

490 516 615 579 quod
640 516 815 581 prorsus
841 533 931 565 non
947 515 1196 581 jurandum
1219 533 1299 581 per
1315 518 1557 579 Jehovam,
1583 533 1665 565 nec
1687 533 1766 580 per
1790 519 2034 580 quicquam
2058 516 2184 580 quod
2207 516 2268 563 est
2286 516 2479 577 Jehovae

493 582 564 629 seu
588 584 794 632 Domini.
1208 627 1213 633 .
1613 578 1623 586 '

561 653 703 712 2843.
755 649 881 708 Quia
919 661 1152 712 propterea
1191 649 1318 713 quod
1365 647 1506 696 fecisti
1543 648 1736 696 verbum
1777 649 1896 705 hoc,
1943 647 2071 712 quod
2111 647 2334 713 significet
2380 664 2477 696 rem

491 714 771 771 transactam,
807 715 977 762 constat
1000 715 1160 778 absque
1192 715 1502 778 explicatione.

562 785 705 840 2844.
757 781 820 827 Et
861 796 951 827 non
997 780 1235 828 cohibuisti
1276 781 1426 828 filiurn
1467 793 1616 837 tuum,
1669 781 1859 828 unicum
1894 793 2046 838 tuum,
2093 780 2222 844 quod
2259 780 2480 844 fignificet

493 846 742 893 unitionem
782 845 993 894 Humani
1031 863 1139 893 cum
1174 848 1349 895 Divino
1387 862 1467 911 per
1499 846 1718 894 ultimum
1764 847 2037 903 tentationis,
2074 845 2246 894 constat
2291 862 2347 894 ex
2393 846 2481 894 illis

490 927 595 974 quae
635 908 766 975 supra
805 929 862 962 n:
889 917 1034 976 2827,
1070 913 1188 960 dista
1222 913 1339 971 sunt,
1383 912 1461 961 ubi
1496 911 1652 959 eadem
1690 911 1842 968 verba,
1893 923 2057 978 praeter
2095 911 2223 975 quod
2268 911 2341 959 hic
2387 928 2479 960 non

490 977 680 1040 legatur,
717 994 742 1024 a
764 980 858 1033 Me,
895 994 975 1041 per
997 980 1122 1041 quod
1146 979 1437 1042 significatur,
1473 978 1599 1041 quod
1630 977 1775 1026 adhuc
1812 978 1995 1025 ulterior
2033 978 2178 1032 unitio
2201 978 2315 1032 erit;
2350 978 2479 1041 quod

491 1043 663 1106 semper
685 1044 868 1091 ulterior
891 1045 1038 1090 unitio
1062 1045 1273 1091 Effentiae
1297 1045 1534 1094 Humana:
1567 1045 1761 1091 Domini
1798 1059 1906 1091 cum
1942 1045 2112 1092 Divina
2142 1043 2302 1107 Ipfius,
2340 1043 2478 1108 usque

489 1109 544 1157 ad
567 1109 826 1172 plenariam,
862 1106 1014 1164 fuerit,
1051 1110 1258 1156 videatur
1280 1125 1338 1157 n:
1371 1111 1506 1169 1864.
1534 1126 1680 1172 2033.

558 1180 701 1236 2845.
738 1173 856 1220 Vers
865 1192 876 1221 :
908 1191 926 1221 1
939 1190 981 1237 7.
1033 1173 1163 1236 Qod
1180 1174 1443 1222 benedicendo
1464 1174 1697 1221 benedicam
1717 1175 1816 1231 tibi,
1851 1175 1906 1223 fs?
1930 1174 2245 1235 multipticando
2268 1173 2476 1236 multipli-

488 1240 588 1288 cabo
611 1242 751 1303 semen
790 1249 926 1295 tuum,
962 1249 1163 1304 tanquam
1186 1239 1334 1299 stellas
1371 1239 1576 1294 caelorum,
1611 1238 1667 1286 δέ
1698 1249 1901 1302 tanquam
1938 1254 2110 1286 arenam
2142 1255 2235 1302 quae
2263 1241 2395 1301 super
2425 1240 2483 1286 li·

424 1329 428 1332 -
485 1316 577 1353 tore
609 1310 771 1361 mari53
806 1306 861 1354 &³
886 1305 1156 1353 haereditabit
1167 1307 1309 1369 semen
1332 1316 1450 1353 tuum
1464 1313 1637 1367 portam
1661 1304 1834 1363 hostium
1856 1314 2038 1355 tuorum.
2108 1304 2255 1364 Quod
2295 1305 2477 1352 benedi-

486 1371 632 1418 cendo
672 1371 934 1418 benedicam
976 1371 1075 1427 tibi,
1110 1371 1332 1434 significat
1370 1370 1767 1419 fructificationem
1806 1386 1864 1418 ex
1898 1369 2135 1419 affeetione
2157 1371 2285 1419 veri:
2323 1371 2479 1420 multi-

483 1435 697 1499 plicando
736 1435 1069 1500 multiplicabo,
1103 1437 1328 1501 fignificat
1365 1438 1661 1486 derivationes
1700 1437 1797 1484 veri
1835 1436 1971 1484 inde:
2021 1435 2171 1487 semen
2202 1449 2356 1493 tuum,
2390 1435 2478 1500 fig-

483 1503 638 1550 nificat
662 1502 923 1566 spirituales,
959 1504 1039 1566 qui
1077 1505 1124 1550 in
1162 1503 1284 1552 bono
1316 1503 1422 1554 fidei
1463 1503 1687 1551 salvantur
1723 1518 1781 1551 ex
1801 1503 1979 1551 Divino
1999 1502 2229 1552 Humano
2251 1503 2475 1552 Domini:

481 1579 697 1631 tanquam
716 1568 856 1616 stellas
873 1568 1118 1626 coelorum,
1144 1568 1365 1632 fignificat
1383 1568 1728 1616 multitudinem
1744 1569 2063 1629 cognitionum
2083 1567 2190 1617 boni
2205 1569 2256 1615 &
2275 1570 2398 1616 veri:
2425 1570 2476 1617 &

482 1645 698 1697 tanquam
723 1650 902 1682 arenam
924 1650 1030 1697 quae
1053 1633 1184 1697 super
1207 1634 1338 1685 litore
1355 1635 1505 1690 mariS,
1523 1632 1745 1696 fignificat
1761 1631 2105 1680 multitudinem
2123 1632 2474 1691 scienti-ficorum

483 1699 928 1763 correspondentium
949 1718 960 1747 ε
998 1701 1047 1748 ὅτ
1071 1699 1355 1748 haereditabit
1376 1698 1527 1748 semen
1560 1712 1694 1747 tuum
1718 1711 1896 1763 portam
1918 1697 2117 1747 hostium
2141 1710 2346 1756 tuorum,
2384 1699 2477 1764 sig·

481 1766 634 1813 nificat
656 1765 783 1829 quod
814 1765 1000 1814 charitas
1024 1767 1071 1813 ὅτ
1098 1765 1210 1814 fides
1234 1765 1454 1823 succedet,
1490 1765 1570 1814 ubi
1591 1766 1716 1829 prius
1737 1765 1910 1817 malum
1933 1766 1982 1813 δε
2011 1762 2187 1825 falsum.

550 1832 691 1893 2846.
744 1832 890 1891 Quod
927 1831 1233 1880 benedicendo
1270 1831 1531 1891 benedicam
1570 1831 1677 1889 tibi,
1727 1830 1951 1895 fignificet
1983 1828 2378 1880 fruffificationem
2415 1845 2474 1880 ex

479 1896 714 1946 affectione
752 1899 864 1955 veri,
900 1897 1070 1947 constat
1107 1914 1133 1946 a
1169 1898 1492 1962 significatione
1531 1898 1751 1958 benedici,
1793 1897 1919 1962 quod
1959 1897 2024 1954 fit-
2050 1887 2311 1961 locubletari
2349 1895 2474 1946 bono

417 1992 419 1994 -
479 1963 648 2012 coelesti
685 1966 734 2011 δε
777 1962 1007 2027 spirituali,
1043 1965 1100 2011 de
1136 1980 1225 2028 qua
1263 1981 1324 2013 n:
1352 1969 1461 2030 981.
1494 1965 1631 2030 1096.
1664 1981 1802 2026 1420.
1836 1981 1977 2024 1422,
2013 1963 2087 2011 hic
2118 1961 2381 2027 fr-uetificari
2414 1977 2473 2012 ex

477 2030 601 2086 bono
640 2030 764 2086 fidei,
816 2029 891 2078 seu
929 2030 1057 2094 quod
1098 2030 1238 2088 idem,
1287 2047 1344 2079 ex
1383 2031 1617 2082 affeetione
1656 2031 1768 2087 veri,
1803 2032 1911 2094 quia
1948 2030 2004 2085 de
2044 2028 2344 2094 spiritualibus
2373 2044 2398 2078 a
2432 2028 2469 2078 i·

478 2108 565 2143 tur.
637 2095 736 2143 Hic
775 2112 800 2144 a
839 2096 1043 2157 Jehovah
1083 2097 1140 2144 ad
1166 2097 1482 2148 Abrahamum
1521 2097 1702 2155 dicitur,
1739 2095 2047 2146 benedicendo
2079 2094 2342 2145 benedicam
2363 2095 2400 2142 ti
2433 2095 2467 2151 i,

477 2162 527 2209 δε
567 2177 648 2224 per
682 2161 999 2209 Abrahamum
1043 2162 1383 2227 repraesentatur
1421 2164 1655 2212 Dominus
1697 2162 1849 2227 quoad
1887 2163 2115 2210 Divinum
2155 2162 2468 2217 Humanum,

477 2239 528 2274 ut
567 2229 615 2274 in
657 2228 741 2275 hoc
781 2229 940 2291 Capite
978 2230 1137 2292 prius3
1176 2229 1271 2292 Ipse
1309 2231 1540 2290 Dominus
1576 2245 1667 2277 non
1707 2229 1859 2293 potuit
1902 2228 2128 2291 benedici,
2160 2230 2267 2290 quia
2293 2226 2357 2274 est
2377 2225 2470 2290 ipsa

474 2293 772 2349 Benedictio,
808 2293 882 2342 sed
919 2294 1122 2343 benedici
1158 2295 1341 2352 dicitur,
1377 2312 1485 2343 cum
1527 2295 1775 2355 secundum
1814 2294 1957 2358 Ipsius
1994 2309 2196 2355 amorem
2235 2292 2474 2340 abundant

473 2359 536 2406 illi
574 2360 653 2421 qui
694 2357 931 2417 salvantur,
967 2377 1103 2423 quare
1143 2362 1189 2409 in
1227 2360 1349 2410 sensu
1389 2363 1567 2410 interno
1605 2362 1672 2408 illi
1708 2360 1782 2408 hic
1820 2360 2147 2424 significantur,
2189 2369 2243 2404 ut
2280 2371 2468 2421 quoque

472 2423 644 2472 constat
678 2424 735 2472 ab
773 2426 825 2472 iis
860 2441 965 2489 quae
1003 2426 1262 2490 immediate
1300 2426 1574 2490 sequuntur:
1612 2425 1901 2476 fruetificatio
1923 2425 1995 2473 hic
2019 2424 2203 2479 dicitur,
2238 2425 2345 2487 quia
2365 2422 2466 2473 haec

469 2491 742 2554 praedicatur
764 2491 821 2537 de
844 2491 1095 2549 affectione,
1115 2491 1434 2555 multiplicatio
1455 2506 1626 2549 autem,
1650 2504 1704 2540 ut
1724 2490 1947 2553 sequitur,
1962 2489 2019 2537 de
2043 2490 2159 2536 veris
2181 2504 2288 2551 quae
2309 2487 2430 2535 inde.

541 2559 682 2620 2847.
722 2556 1078 2618 Multiplicando
1108 2557 1439 2620 multiplicabO,
1480 2557 1623 2619 quod,
1640 2556 1865 2618 significet
1884 2554 2183 2614 derivationes
2205 2554 2303 2600 veri
2337 2552 2465 2612 inde,

472 2620 643 2668 constat
680 2636 735 2666 ex
759 2622 1076 2682 praedicatione
1102 2621 1408 2683 multiplicari,
1444 2620 1570 2683 quod
1609 2619 1663 2668 sit
1698 2619 1756 2666 de
1786 2635 1914 2678 vero,
1955 2618 2027 2666 hic
2050 2618 2173 2679 ideo,
2211 2617 2340 2681 quod
2374 2616 2462 2669 fint

471 2686 764 2733 derivationes
787 2689 883 2732 veri
905 2702 962 2732 ex
985 2686 1235 2741 affectione,
1277 2698 1329 2733 ut
1353 2701 1466 2733 mox
1499 2685 1632 2748 supra
1654 2684 1862 2741 dietum3
1907 2683 2034 2748 quod
2058 2681 2318 2732 fruetificari
2339 2686 2461 2746 prae-

470 2751 643 2798 dicetur
665 2750 723 2796 de
743 2749 885 2806 bono,
925 2751 974 2799 δτ
998 2750 1291 2815 multiplicari
1315 2751 1372 2798 de
1396 2766 1525 2807 vero,
1556 2751 1761 2798 videatur
1795 2765 1956 2814 n143.
1986 2765 2063 2811 55.
2091 2767 2200 2813 913.
2229 2754 2340 2813 983.

538 2820 680 2873 2848.
717 2816 882 2863 Semen
905 2830 1076 2872 tuum,
1098 2815 1224 2879 quod
1259 2816 1482 2878 significet
1505 2816 1752 2879 spirituales
1772 2817 1853 2879 qui
1887 2819 1937 2864 in
1960 2814 2088 2871 bono
2104 2814 2211 2862 fidei
2234 2814 2464 2864 salvantur·

466 2882 685 2931 aDivino
706 2882 932 2930 Humano
960 2883 1163 2938 Domini,
1200 2882 1372 2931 constat
1408 2897 1465 2929 ex
1501 2881 1823 2945 significatione
1855 2879 2051 2938 seminis,
2086 2880 2212 2944 quod
2237 2880 2291 2929 fit
2314 2880 2456 2929 chari-

464 2949 566 2995 tatis
589 2947 719 3004 fides,
760 2947 817 2995 de
841 2964 930 3010 qua
962 2964 1023 2996 n:
1047 2963 1185 3009 1025.
1218 2963 1369 3012 1447„
1389 2948 1526 3001 1610.
1563 2965 1703 3012 1941,
1739 2947 1829 3004 seu,
1865 2946 1993 3010 quod
2016 2946 2158 3003 idem,
2194 2946 2261 2994 illi
2293 2964 2351 2995 ex
2371 2948 2459 2996 hu-

467 3030 600 3061 mano
632 3029 812 3076 genere,
845 3011 1004 3076 quiin
1043 3013 1269 3061 charitatis
1309 3013 1400 3061 fide
1435 3013 1552 3071 sunt,
1587 3014 1675 3061 hoc
1713 3013 1793 3070 est,
1833 3012 2112 3077 spirituales;
2151 3012 2217 3059 illi
2255 3017 2392 3061 etiam
2429 3027 2455 3059 a

460 3081 669 3127 Domino
707 3092 928 3127 vocantur
968 3079 1134 3136 semen,
1174 3080 1223 3127 δε
1259 3079 1341 3128 filii
1375 3081 1546 3142 Regni,
1588 3079 1711 3143 apud
1733 3080 2031 3135 Matthaeum,
2074 3083 2108 3106 “
2134 3079 2234 3141 Qi
2267 3081 2453 3128 seminat

462 3145 636 3193 bonum
678 3144 845 3204 semen,
889 3144 956 3194 est
990 3146 1132 3194 Filius
1172 3146 1386 3204 hominis,
1443 3146 1594 3194 semen
1641 3161 1747 3196 vero
1786 3143 1888 3194 sunt
1937 3144 2020 3193 filii
2053 3145 2258 3209 Regni,’'
2315 3162 2451 3198 xm:
2531 3188 2535 3190 a

459 3226 535 3277 37.
575 3217 652 3277 38.

2304 3283 2451 3345 2849.
