2872 3730
490 279 494 281 -
582 233 1535 300 CAPUT‘VIGESIMUM
1579 231 2119 323 QUARTUM.
2229 255 2364 324 205.

384 368 709 434 explicatione:
755 370 883 435 quod
915 369 1104 423 dicatur,
1138 366 1267 430 quod
1302 366 1510 415 Rebecca
1546 367 1588 414 ei
1626 363 1761 413 fuerit
1797 366 1846 412 in
1882 366 2134 426 mulierem,
2183 388 2277 420 non
2313 374 2360 420 in

383 452 592 493 uxorem,
627 435 756 484 causa
774 434 854 491 est,
887 433 995 497 quia
1029 434 1146 480 inter
1167 433 1351 479 Bonum
1373 433 1601 488 rationale,
1635 432 1686 479 δε
1708 431 1884 478 Verum
1916 447 1942 478 e
1973 436 2162 482 naturali
2197 453 2375 485 evoca--
2450 455 2456 457 ⁴

383 517 485 551 tum
510 503 560 550 ὅτ.
581 503 807 551 Divinum
829 497 1019 554 factum,
1056 513 1149 545 non
1179 497 1235 544 fit
1256 495 1543 560 conjugium,
1584 496 1660 544 sed
1693 495 1849 543 foedus
1886 496 2016 544 instar
2045 499 2229 549 foederis
2253 519 2361 550 con-

374 568 600 632 jugiaiis3,
632 566 784 630 ipsum
819 562 1103 627 Conjugium
1126 564 1373 620 Divinum,
1413 563 1541 627 quod
1581 563 1631 616 in
1665 563 1891 619 Domino,
1931 562 1997 610 est
2031 565 2142 611 unio
2175 568 2363 615 Divinae

381 633 592 684 Essentiae
626 625 736 679 cum
757 630 993 686 Humana,
1029 629 1077 676 δε
1102 629 1340 677 Humanae
1378 645 1486 677 cum
1510 629 1697 685 Divina,
1732 628 1939 676 videatur
1970 631 2214 695 11:28033
2266 634 2365 681 haec

382 700 447 749 est
467 697 608 755 causa,
640 696 768 760 quod
791 695 999 743 Rebecca
1020 695 1196 743 dicatur
1219 696 1399 753 mulier,
1434 711 1527 743 non
1549 711 1681 743 uxor.

449 766 588 830 321'2.
624 762 689 810 Et
723 760 972 809 consolatus
995 760 1060 807 est
1084 760 1325 822 Jischakus
1348 760 1449 826 post
1472 773 1664 809 matrem
1700 760 1842 818 suam,
1876 760 2004 824 q‘uod
2029 760 2251 825 significet
2280 763 2364 812 sta-

383 845 481 878 tum
504 844 699 885 novum,
734 827 932 875 constare
953 826 1099 890 potest
1130 843 1156 875 a
1178 827 1502 891 significatione
1523 826 1874 889 consolationem
1903 828 2120 892 accipere,
2154 830 2281 891 quod
2313 831 2367 879 sit

381 897 516 944 status
539 910 704 951 novus,
739 893 876 941 status
900 895 1022 941 enim
1047 893 1358 953 consolationis
1379 892 1444 939 est
1476 908 1641 950 novus,
1675 894 1758 956 qui
1787 892 1916 955 quod
1941 892 2185 941 successerit
2207 897 2366 958 priori,
2440 929 2443 932 -

380 961 656 1025 significatur
694 976 776 1023 per
813 959 916 1023 post
952 971 1149 1007 matrem·
1182 959 1320 1006 suam.
1390 959 1557 1005 Status.
1578 973 1728 1006 novus
1763 959 1827 1006 est
1855 958 1994 1006 status
2026 960 2365 1023 glorificationis

379 1027 627 1077 Rationalis
646 1026 760 1074 ficut
779 1028 914 1090 prius‘
926 1026 1078 1088 quoad
1100 1027 1284 1073 Bonum
1308 1027 1369 1072 ita
1390 1025 1688 1091 nunc‘quoad
1711 1025 1884 1072 Verum
1906 1047 1921 1080 3
1959 1026 2194 1073 Rationale
2224 1027 2367 1090 glori-

380 1095 578 1142 fimum·
589 1092 669 1149 est,
710 1107 819 1140 cum
842 1092 1071 1139 Divinum
1092 1089 1265 1139 factum
1299 1091 1452 1154 quoad
1477 1103 1736 1153 utrumque.
1790 1091 1936 1148 Quod
1959 1091 2190 1140 Dominus
2212 1094 2371 1156 quoad.

379 1161 659 1208 Humanum
683 1175 834 1206 novus
853 1156 1014 1213 faetus,
1048 1157 1135 1205 hoc
1157 1157 1238 1213 est,
1273 1157 1567 1220 glorificatus,
1602 1155 1675 1202 seu
1696 1156 1826 1219 quod
1849 1156 1990 1213 idem,
2022 1159 2236 1215 Divinus,
2263 1159 2367 1207 nus—

380 1242 522 1289 quam
557 1225 718 1288 aliquis
747 1239 901 1287 capere
934 1222 1098 1287 potest,
1132 1224 1194 1270 ita
1224 1239 1306 1270 nec
1341 1222 1538 1278 credere,
1578 1223 1658 1285 qui
1696 1222 1743 1268 in
1778 1222 2019 1269 mundanis
2052 1225 2101 1271 δε
2139 1228 2367 1288 corporeis

383 1291 611 1339 amoribus
635 1289 713 1346 est,
750 1290 788 1336 is
807 1288 919 1352 quid
944 1288 997 1336 fit
1019 1287 1242 1351 spirituale
1278 1289 1329 1336 ὅτ,
1358 1287 1557 1345 coeleste,
1597 1286 1775 1351 prorsus
1808 1287 1962 1344 nescit,
2002 1290 2051 1336 δε
2087 1306 2142 1336 ne
2175 1291 2366 1353 quidem

383 1358 490 1405 scire
512 1358 645 1412 vult;
685 1369 730 1403 at
752 1356 832 1418 qui
866 1370 958 1402 non
989 1354 1038 1400 in
1077 1354 1319 1401 mundanis
1358 1355 1407 1402 δι
1440 1355 1665 1417 corporeis
1698 1353 1926 1401 amoribus
1957 1354 2038 1411 est,
2078 1357 2114 1402 is
2139 1358 2368 1420 percipere

379 1423 497 1471 illud
519 1421 682 1486 potest,
715 1421 861 1469 credit
881 1423 1003 1468 enim
1027 1420 1154 1484 quod
1174 1420 1405 1468 Dominus
1429 1420 1485 1467 fit
1505 1435 1622 1466 unus
1655 1434 1763 1466 cum
1786 1420 1934 1477 Patre,
1959 1421 2009 1467 &
2033 1422 2160 1484 quod
2183 1421 2239 1468 ab
2261 1423 2367 1486 Ipso

383 1506 523 1537 omne
552 1488 753 1547 sanctum
789 1487 1039 1549 procedat;
1092 1486 1283 1550 proinde
1326 1486 1455 1550 quod
1491 1486 1690 1534 Divinus
1738 1484 1793 1533 fit
1824 1486 1962 1533 etiam
1996 1488 2148 1550 quoad
2180 1489 2368 1537 Huma-

383 1572 514 1610 num,
550 1556 600 1601 &
635 1556 717 1616 qui
747 1553 908 1607 credit,
942 1551 1025 1598 suo
1049 1551 1192 1598 modo
1226 1553 1448 1614 percipit:
1495 1552 1647 1597 Status
1676 1550 2018 1614 glorificationis
2038 1554 2232 1601 Domini
2267 1557 2369 1619 capi

382 1622 534 1683 aliquo
556 1619 701 1666 modo
722 1616 868 1679 potest
887 1632 947 1663 ex
964 1616 1445 1678 staturegenerationis
1468 1616 1684 1671 hominis,
1720 1623 1842 1663 nam'
1865 1621 2140 1680 regeneratio
2171 1619 2370 1669 hominis

383 1686 447 1734 est
480 1688 636 1747 imago
658 1681 997 1746 glorificationis
1017 1682 1227 1738 Domini,
1269 1698 1300 1729 n
1323 1701 1334 1730 :
1358 1698 1501 1745 3043.
1539 1685 1701 1745 31·38;
1743 1697 1852 1728 cum
1889 1682 2033 1731 horno
2067 1698 2369 1748 regeneratur,

383 1765 492 1800 tunc
523 1751 577 1797 fit
598 1748 777 1814 prorsus
812 1747 939 1805 alius,
973 1762 1025 1795 ac
1047 1747 1103 1795 fit
1126 1763 1289 1805 novus,
1325 1749 1430 1796 ideo
1453 1749 1591 1795 etiam
1625 1762 1734 1795 cum
1756 1760 2041 1810 regeneratus
2062 1749 2143 1807 est,
2180 1764 2370 1799 vocatur

383 1818 533 1866 denuo
556 1829 704 1872 natus,
740 1815 791 1862 δι
826 1830 851 1861 e
882 1829 1008 1862 novo
1029 1826 1234 1870 creatus;
1276 1827 1402 1872 tunc,
1437 1814 1651 1878 quamvis
1686 1815 1727 1861 ei
1763 1813 1918 1862 similis
1942 1812 2091 1872 facieS‚
2134 1817 2184 1865 ὅτ.
2213 1817 2371 1865 similis

383 1883 577 1946 loquela,
611 1881 750 1945 usque
773 1896 865 1928 non
887 1879 952 1927 est
971 1879 1127 1927 similis
1152 1896 1312 1936 mens3
1357 1896 1486 1928 mens
1515 1877 1627 1944 ejus,
1663 1894 1772 1927 cum
1798 1894 2097 1942 regeneratus,
2134 1880 2371 1948 est'aperta

383 1949 533 1996 versus
564 1947 758 2003 coelum,
794 1947 846 1995 δι’
878 1945 991 1993 inibi
1021 1944 1191 1993 habitat
1222 1963 1350 1994 amor
1381 1948 1429 1993 in
1461 1947 1719 1994 Dominum
1756 1947 1807 1994 &
1845 1947 2033 1995 charitas
2069 1964 2176 2012 erga
2213 1952 2368 2014 proxi·
2425 1979 2429 1983 ·

385 2031 518 2064 mum
549 2029 658 2061 cum
697 2012 808 2070 fide,
846 2026 974 2059 mens
1010 2011 1075 2059 est
1106 2027 1214 2075 quae
1251 2012 1486 2060 hominem
1526 2013 1663 2061 alium
1698 2013 1750 2060 ὅτ.
1787 2028 1964 2060 novum
2003 2011 2126 2072 facit,
2174 2019 2376 2064 mutatio

385 2084 522 2130 status
546 2096 636 2127 non
658 2077 804 2142 potest
828 2078 1056 2142 appercipi
1082 2078 1130 2124 in
1152 2078 1349 2126 hominis
1372 2094 1577 2142 corpore,
1613 2078 1688 2126 sed
1710 2079 1758 2126 in
1781 2077 1876 2141 ejus
1900 2077 2073 2143 spiritu,
2114 2080 2176 2128 est
2200 2098 2371 2146 corpus

386 2148 529 2197 modo
560 2147 894 2210 operimentum
928 2141 1022 2208 ejus
1051 2143 1246 2208 spiritus,
1281 2143 1395 2191 illud
1427 2160 1537 2192 cum
1571 2146 1767 2202 exuitur,
1807 2159 1918 2193 tunc
1956 2145 2133 2210 spiritus
2163 2146 2259 2212 ejus
2290 2166 2369 2212 ap-

384 2226 528 2279 paret,
560 2217 610 2263 &
638 2211 837 2275 quidem·
852 2209 1032 2273 prorsus
1059 2207 1310 2258 aliaforma
1342 2225 1451 2258 cum
1473 2222 1759 2273 regeneratus
1785 2211 1876 2268 est,
1905 2212 1969 2259 est
2000 2215 2041 2260 ei
2076 2226 2187 2261 tunc
2220 2212 2374 2262 forma

385 2280 550 2327 amoris
572 2280 621 2325 δε
645 2278 866 2325 charitatis
899 2278 947 2325 in
970 2276 1308 2340 pulchritudine
1338 2276 1669 2341 inexpreffibili‚
1704 2292 1735 2324 n
1755 2295 1767 2324 ;
1792 2295 1818 2340 5
1825 2294 1920 2340 53‚.
1943 2278 2048 2325 loco
2070 2281 2230 2342 prioris
2262 2297 2374 2343 quae

385 2345 472 2393 fuit
494 2342 642 2390 forma
674 2343 770 2389 odii
799 2343 858 2388 δι’
883 2341 1158 2389 crudelitatis
1189 2358 1299 2389 cum
1333 2341 1619 2390 deformitate
1642 2344 1780 2389 etiam
1793 2344 2166 2406 *inexpreffibilss
2205 2347 2369 2393 exinde

385 2409 583 2460 constare
619 2406 766 2471 potest
803 2407 917 2470 quid
956 2407 1011 2454 sit
1049 2420 1348 2471 regeneratuS,
1383 2407 1455 2455 seu
1492 2409 1813 2464 denuossnatus,
1847 2421 1930 2455 aut·
1958 2425 1984 2455 a
2017 2424 2140 2456 novo
2178 2422 2368 2467 creatus,

385 2476 513 2543 quod
536 2490 702 2538 nempe
723 2472 902 2537 prorsus
924 2472 1107 2540 alius&
1129 2489 1326 2530 novus,⁴
1350 2489 1409 2520 ex
1431 2473 1512 2521 hac
1535 2473 1734 2536 imagine
1761 2473 2039 2537 aliquatenus
2071 2477 2252 2538 concipi
2284 2493 2369 2540 po-

386 2542 470 2592 test
491 2541 601 2605 quid
626 2538 911 2587 Glorificatio
932 2539 1143 2596 Domini,
1180 2539 1279 2602 lpse
1315 2554 1408 2588 non
1443 2552 1724 2603 regeneratus
1756 2538 1819 2586 est
1851 2538 1965 2586 ficut
1987 2539 2149 2598 homo,
2186 2541 2259 2588 sed
2281 2540 2368 2590 Di-

384 2611 518 2657 vinus
538 2605 700 2661 factus,
739 2604 790 2652 ὅτ
814 2603 901 2652 hoc
922 2618 981 2651 ex
1000 2603 1224 2667 Ipfisfirno
1244 2606 1422 2653 Amore
1442 2605 1637 2661 Divino,
1676 2602 1821 2666 fastus
1853 2607 1979 2653 enim
2010 2605 2076 2653 est
2096 2606 2197 2671 Ipse
2217 2609 2372 2656 Amor

379 2671 583 2724 Divinus
602 2694 631 2727 ·,-
656 2670 798 2734 qualis
819 2682 932 2717 'tunc
954 2669 1098 2734 Ipfius
1121 2667 1392 2728 forma‘fuit,
1430 2671 1817 2734 apparuit·Petro,
1851 2671 2044 2732 Jacobo,
2084 2673 2133 2720 δι’
2154 2673 2371 2734 Johanni,

386 2756 495 2790 curn
515 2738 666 2802 Ipsum
692 2737 845 2799 videre
868 2736 954 2783 illis
978 2737 1138 2784 datum
1173 2751 1266 2784 non
1297 2737 1442 2788 ,oculis
1466 2737 1666 2800 corporis
1698 2736 1772 2783 sed
1796 2737 1939 2785 oculis
1969 2737 2163 2803 spiritus,
2204 2755 2372 2803 nempe

385 2807 512 2871 q'uod
558 2803 828 2868 splenduerit
870 2800 1017 2850 facies.
1042 2803 1186 2867 Ipfius
1233 2802 1345 2851 ficut
1376 2803 1488 2860 Sol,
1543 2802 1729 2851 Matth:
1753 2817 1863 2850 xvir
1885 2821 1896 2852 :
1921 2820 1982 2861 23
2034 2806 2084 2852 δε
2123 2805 2249 2869 quod
2284 2805 2371 2854 hoc

384 2873 739 2921 effetvDivinum
763 2870 1220 2933 Humanumlpfius,
1261 2869 1439 2917 constat.
1464 2884 1523 2917 ex
1542 2884 1657 2917 voce
1680 2884 1787 2932 quae
1818 2882 1928 2924 tunc
1950 2887 1976 2916 e
2001 2869 2139 2928 nube,
2174 2872 2372 2928 dicente,

385 2940 487 2987 Hic
505 2937 567 2986 est
591 2937 732 2984 Filius
756 2950 884 2982 meus
916 2935 1124 2994 dilectus,
1163 2936 1288 2984 ibid:
1305 2935 1445 2984 Vers:
1469 2953 1517 2999 5,
1548 2935 1675 2999 quod
1696 2935 1841 2984 Filius
1864 2934 1917 2984 fit
1937 2937 2162 2986 Divinum
2188 2939 2377 2987 Huma-

387 3019 519 3061 num,
554 3003 763 3050 videatur
795 3018 824 3049 n
845 3021 857 3051 2
879 3002 1019 3051 2628.

2250 3217 2374 3264 Con:-
