2904 3750
499 162 668 274 53⁶³
971 176 1035 251 G
1126 176 1189 242 E
1255 173 1360 240 -N
1447 170 1512 239 E
1597 167 1654 235 S
1747 169 1794 236 I
1868 167 1945 263 ‚S-

494 308 784 370 'regeneratur
806 300 968 358 homo,
1004 300 1183 350 tametsi
1207 300 1381 347 bonum
1407 295 1703 346 effentialiter
1724 295 1884 359 primo
1902 296 2008 346 loco
2027 294 2092 364 est
2111 294 2163 346 ὅτ
2179 295 2471 361 primogeni-

492 386 612 428 tum,
646 370 697 418 ὅτ
732 368 785 415 fit
814 381 1139 431 quoquecum
1179 366 1325 412 homo
1365 373 1653 427 regeneratus
1688 361 1788 417 est;
1822 361 1948 427 quod
1981 363 2044 411 ita
2073 361 2143 422 fit,
2178 362 2385 412 videatur
2408 378 2471 411 nt

492 454 639 502 3539.
674 438 818 498 3548.
849 432 992 506 3556.
1026 433 1169 496 3563.
1203 445 1344 494 3570.
1373 429 1692 494 357'6·‘3603·
1722 442 1864 503 3791.
1937 428 2067 496 Qia
2103 427 2255 492 agitur
2297 429 2343 477 in
2378 428 2474 478 'hoc
2538 476 2560 483 ,x
2630 459 2641 463 κ

493 499 737 566 Capite&
774 499 820 546 in
854 498 945 544 illis
978 511 1081 561 quae
1111 496 1398 560 praecedunt,
1432 495 1491 543 de
1525 495 1897 558 Regeneratione
1930 494 2181 552 Naturalis,
2217 493 2269 542 &
2305 495 2379 543 hic
2413 495 2479 542 de

494 568 648 631 primo
678 561 770 629 ejus
804 563 938 620 statu,
977 564 1050 626 qui
1084 561 1150 609 est
1179 560 1531 624 introdu&ionis
1566 576 1649 625 per
1671 575 1831 608 verum
1856 559 1914 608 ad
1938 561 2131 618 bonum,
2167 559 2273 608 ideo
2296 564 2476 625 primus

494 633 613 681 filius
652 629 817 693 jacobi
859 628 931 676 seu
974 628 1139 676 Ruben
1178 627 1443 675 nominatus
1482 626 1546 675 est
1578 643 1605 674 a
1637 624 1792 675 Videre
1824 627 2048 688 Jehovah,
2095 626 2223 692 quod
2264 626 2311 674 in
2351 625 2477 674 sensu

487 699 677 747 interno
711 695 937 758 fignificat
968 694 1110 741 fidem
1133 710 1161 741 a
1186 694 1410 741 Domino.
1482 691 1619 740 Fides
1644 691 1691 739 in
1714 692 1757 739 se
1779 692 1973 754 speetata
1996 691 2060 740 est
2090 691 2206 740 fides
2239 691 2488 753 intellecta

496 765 547 813 &
582 763 695 811 fides
725 761 994 814 voluntate3
1027 759 1138 808 scire
1163 759 1212 807 ὅτ
1245 757 1504 822 intelligere
1539 772 1695 805 verum
1730 755 1859 821 quod
1890 756 1954 804 est
1989 757 2120 815 fidei,
2158 757 2327 806 dicitur
2361 758 2479 806 fides

496 828 744 884 intellectu‚
791 839 837 873 at
875 825 990 873 velle
1030 840 1190 873 verum
1235 824 1359 889 quod
1406 824 1471 872 est
1505 822 1643 881 fidei,
1688 821 1860 871 dicitur
1901 821 2023 870 'fides
2062 822 2334 878 voluntate;
2381 821 2477 881 illa,

498 909 665 958 nempe
695 893 808 941 fides
848 890 1078 940 intelleftu
1110 891 1175 939 est
1206 906 1310 956 quae
1332 888 1620 953 ‘significatur
1654 902 1737 953 per
1769 888 1958 946 Ruben,
1999 887 2098 936 haec
2125 900 2277 937 autem
2307 905 2478 953 nempe

499 961 612 1008 fides
643 958 874 1007 voluntate
902 956 965 1004 est
997 972 1104 1021 quae
1134 956 1414 1020 significatur
1449 971 1531 1018 per
1547 955 1911 1003 Schimeonem:
1946 953 2072 1018 quod
2091 953 2206 1002 'fides
2230 954 2476 1014 intelleetu,

487 1027 569 1074 ‘seu
611 1025 866 1087 intelligere
898 1031 1090 1080 verum,
1129 1022 1357 1089 praecedat
1397 1021 1542 1069 fidem
1577 1021 1812 1069 voluntate
1853 1019 1929 1068 seu
1963 1019 2081 1068 velle
2111 1035 2294 1078 verum,
2330 1020 2478 1068 cuivis

495 1091 696 1140 constare
731 1088 877 1155 potest
899 1108 916 1143 ς
957 1089 1083 1152 quod
1114 1089 1236 1137 enim
1278 1087 1460 1135 homini
1495 1086 1711 1151 ignotum
1745 1085 1829 1144 est,
1866 1098 1916 1134 ut
1949 1084 2016 1133 est
2051 1086 2228 1133 bonum
2264 1085 2474 1143 coeleste,

498 1159 587 1206 hoc
623 1156 751 1220 prius
786 1155 893 1202 scire
929 1154 1068 1202 debet
1100 1154 1224 1219 quod
1250 1154 1318 1211 fit,
1353 1151 1403 1200 ὅτ
1442 1152 1700 1216 intelligere
1734 1151 1847 1216 quid
1883 1152 1953 1209 fit,
1987 1162 2234 1216 antequam
2271 1151 2322 1198 id
2360 1150 2481 1200 velle

497 1222 660 1288 potest.
728 1222 868 1285 Qod
893 1220 1049 1267 videre
1083 1220 1130 1268 in
1159 1219 1284 1268 sensu
1313 1232 1507 1268 externo
1538 1217 1765 1283 significet
1787 1216 1953 1275 visum,
1988 1216 2163 1265 constat
2195 1216 2368 1282 absque
2400 1221 2479 1265 exss

499 1287 776 1353 plicatione,
812 1286 935 1349 quod
961 1285 1119 1334 videre
1142 1286 1186 1334 in
1214 1283 1341 1333 sensu
1365 1285 1573 1333 interiori
1600 1283 1826 1348 significet
1861 1282 2160 1340 intellee‘tum,
2193 1281 2337 1333 etiam
2355 1297 2479 1334 ‚con-

500 1355 608 1402 stare
643 1352 809 1417 potest,
844 1351 961 1399 visus
1000 1353 1125 1399 enim
1165 1351 1333 1400 interni
1373 1350 1580 1400 hominis
1614 1366 1718 1398 *non
1755 1349 1880 1398 aliud
1921 1348 2003 1401 est*
2026 1365 2166 1415 quam
2208 1347 2482 1408 intellee‘ms,

499 1434 638 1484 quare
669 1419 807 1466 etiam
840 1416 1094 1466 intelleems
1127 1419 1174 1465 in
1208 1417 1451 1466 communi
1486 1416 1669 1482 loquela
1699 1429 1892 1465 vocatur
1921 1414 2040 1463 visus
2076 1417 2300 1472 internus,
2337 1414 2389 1462 &
2422 1414 2483 1463 de

500 1501 559 1533 eo
603 1499 783 1550 quoque
830 1483 1105 1548 praedicatur
1149 1484 1227 1531 lux
1267 1482 1378 1531 ficut
1417 1482 1476 1530 de
1515 1482 1614 1532 visu
1655 1494 1865 1540 externo,
1912 1480 1964 1528 ὅτ
1996 1493 2191 1530 vocatur
2231 1482 2308 1540 lux
2348 1481 2482 1529 intel-

501 1551 732 1598 lectualis:
767 1548 1078 1612 quod‘videre
1111 1549 1155 1597 in
1189 1548 1315 1597 sensu
1342 1549 1537 1596 'interno
1570 1549 1624 1596 s1t
1655 1548 1769 1597 fides
1794 1565 1820 1597 a
1843 1548 2071 1605 Domine,
2106 1547 2284 1596 constat
2317 1562 2374 1595 ex
2402 1561 2482 1604 eo,

501 1616 628 1680 quod
658 1614 908 1662 intellectus
939 1614 1126 1672 interior
1150 1629 1245 1661 non
1267 1615 1353 1661 alia
1376 1612 1559 1678 objesta
1582 1615 1763 1672 habeat,
1797 1630 1936 1678 quam
1960 1613 2038 1661 illa
2059 1629 2166 1677 quae
2188 1613 2290 1660 sunt
2313 1612 2405 1661 veri
2428 1613 2482 1660 &

484 1682 633 1737 boni,
669 1681 767 1727 haec
789 1680 914 1726 enim
936 1678 1040 1736 ¹sunt
1063 1679 1211 1733 fidei;
1251 1679 1442 1726 interior
1467 1680 1544 1726 ille
1571 1679 1844 1735 intelleehis,
1881 1677 1954 1726 seu
1975 1679 2179 1725 internus
2201 1677 2339 1734 visus,
2373 1691 2483 1741 quae

503 1762 589 1811 pro
612 1744 803 1807 objectis
827 1744 963 1790 habet
986 1759 1092 1790 vera
1117 1759 1223 1808 quae
1244 1743 1343 1790 sunt
1370 1742 1497 1800 fidei,
1534 1742 1577 1790 se
1599 1759 1690 1791 non
1718 1748 1780 1791 ita
1803 1741 2060 1791 manifestat
2088 1742 2199 1791 sicut
2230 1741 2482 1790 intellectus

503 1813 580 1875 qui
605 1826 690 1875 pro
715 1807 907 1871 objectis
941 1808 1075 1856 habet
1099 1825 1205 1856 vera
1233 1824 1337 1872 quae
1367 1808 1467 1856 sunt
1491 1811 1600 1856 vitae
1634 1809 1782 1857 civilis
1808 1809 1858 1855 ὅτ
1879 1809 2083 1864 moralis,
2119 1824 2178 1855 ex
2213 1807 2343 1856 causa
2375 1808 2482 1872 quia

504 1878 624 1924 intra
649 1877 771 1922 hunc
792 1874 873 1930 est,
914 1873 964 1919 ὅτ
991 1875 1034 1921 in
1062 1874 1159 1921 luce
1182 1875 1309 1930 coeli,
1346 1891 1448 1938 quae
1478 1875 1554 1921 lux
1584 1874 1631 1921 in
1659 1872 1854 1923 obscuro
1887 1872 1951 1920 est
1986 1873 2209 1936 quamdiu
2244 1875 2389 1920 homo
2420 1872 2484 1921 est

504 1942 554 1989 in
579 1943 675 1989 luce
699 1939 859 1988 mundi
881 1960 894 1992 ;
927 1953 974 1988 at
995 1938 1133 2003 usque
1155 1940 1272 2003 apud
1297 1940 1397 1987 illos
1421 1939 1499 2003 qui
1526 1940 1778 2002 regenerati
1804 1939 1924 1996 sunt,
1960 1938 2004 1985 se
2028 1938 2215 1996 revelat,
2253 1938 2483 2003 imprimis

503 2023 587 2073 per
622 2004 956 2054 conscientiam.
1041 2006 1185 2070 Qod
1214 2005 1374 2052 videre
1401 2005 1456 2051 *in
1484 2005 1706 2069 vsupremo
1739 2003 1862 2052 sensu
1896 2004 1949 2052 fit
1982 2005 2315 2061 Praevidentia‚
2369 2021 2481 2053 con-

504 2073 621 2120 stare
645 2072 809 2135 potest,
847 2087 952 2118 nam
976 2070 1292 2135 intelligentia,
1329 2087 1433 2135 quae
1455 2070 1729 2134 praedicatur
1750 2071 1809 2118 de
1824 2071 2053 2130 Domino,
2089 2071 2154 2118 est
2179 2070 2485 2134 intelligentia

506 2139 701 2194 infinita,
736 2151 837 2200 quae
872 2152 963 2183 non
996 2137 1116 2183 aliud
1145 2136 1209 2183 est
1234 2152 1371 2200 quam
1399 2136 1728 2185 Praevidentia.
1799 2137 1940 2200 Qod
1973 2153 2057 2201 per
2091 2139 2262 2194 videre,
2297 2152 2356 2184 ex
2389 2153 2484 2201 quo

504 2205 674 2251 Ruben
707 2202 963 2249 nominatus
994 2202 1073 2258 est,
1115 2202 1161 2249 in
1188 2200 1309 2249 sensu
1336 2203 1520 2249 interno
1543 2201 1823 2265 significetur
1847 2203 1962 2250 fides
1986 2220 2012 2250 a
2035 2203 2269 2259 Domino,
2306 2214 2434 2265 patet
2456 2218 2485 2250 a

503 2268 799 2333 perplurimis
826 2267 934 2314 locis
959 2269 1005 2315 in
1027 2268 1197 2323 Verbo,
1235 2284 1432 2332 quorum
1456 2269 1553 2315 haec
1577 2268 1686 2316 licet
1707 2266 1903 2323 afferre3
1939 2269 2063 2332 apud
2089 2267 2259 2316 Mosen
2289 2275 2322 2297 “
2349 2267 2484 2316 Dixit

498 2336 713 2396 Jehovah
745 2332 800 2380 ad
830 2332 1012 2390 Mosen,
1050 2332 1120 2380 fac
1154 2334 1238 2380 tibi
1262 2334 1549 2397 serpentem,
1585 2333 1636 2381 &
1661 2350 1781 2398 pone
1815 2350 1922 2382 eum
1958 2335 2090 2399 super
2120 2334 2265 2396 ligno,
2301 2335 2351 2382 ὅτ
2375 2333 2483 2392 erit,

507 2401 660 2449 omnis
695 2400 771 2462 qui
807 2398 979 2445 morsus
1015 2398 1162 2455 fuerit,
1199 2399 1246 2445 &
1277 2399 1441 2447 viderit
1475 2401 1612 2457 illum,
1647 2399 1698 2446 ὅτ
1723 2401 1873 2449 vivet:
1907 2400 2013 2448 fecit
2037 2399 2195 2448 Moses
2226 2398 2487 2464 serpentem

508 2468 627 2522 aeris,
664 2465 713 2512 &
750 2464 898 2527 posuit
936 2480 1041 2510 eum
1081 2464 1211 2527 super
1254 2465 1398 2527 lign0,
1436 2465 1485 2512 &
1521 2465 1606 2514 fuit
1642 2466 1675 2513 fi
1709 2465 1968 2514 momordit
2008 2467 2191 2530 serpens
2223 2466 2397 2523 virum,
2433 2464 2488 2512 ὅτ

511 2533 690 2595 inspexit
726 2530 980 2591 serpentem
1017 2530 1135 2586 aeris,
1167 2531 1379 2577 revixit*”
1414 2532 1727 2579 Numrxm:
1757 2535 1800 2581 8.
1822 2550 1870 2596 9.
1941 2532 2137 2598 Serpens
2172 2547 2324 2580 aeneus
2358 2530 2488 2595 quod

511 2596 881 2660 representaverit
901 2595 1158 2643 Dominum
1183 2596 1332 2659 quoad
1351 2596 1561 2644 Sen'suale
1579 2609 1840 2654 externum,
1865 2596 1938 2644 seu
1962 2597 2184 2654 naturale,
2207 2597 2485 2651 ,videaturnz

518 2677 638 2726 197³
675 2659 798 2723 quod
823 2676 883 2706 aes
912 2661 959 2706 fit
986 2661 1204 2717 naturale,
1245 2677 1299 2707 n:
1325 2676 1438 2725 425.
1473 2676 1589 2722 1551
1614 2681 1629 2715 ;
1665 2662 1815 2726 quoad
1840 2663 1954 2710 fides
1980 2663 2027 2710 in
2048 2664 2208 2727 Ipsum
2235 2661 2485 2726 repraesen-

511 2740 605 2773 tata
646 2726 698 2771 s1t
739 2739 818 2788 per
857 2724 977 2787 quod
1024 2726 1284 2782 revixerint,
1330 2727 1406 2789 qui
1446 2726 1676 2783 viderunt,
1720 2727 1796 2775 seu
1843 2727 2133 2791 inspexerunt
2179 2726 2333 2783 illum,
2384 2724 2487 2790 Ipse

510 2791 741 2840 Dominus
777 2790 907 2835 docet
940 2789 1059 2850 apud
1085 2792 1344 2850 Johannem
1381 2798 1414 2820 “
1450 2793 1577 2838 Sicut
1599 2792 1757 2839 Moses
1786 2794 2003 2841 exaltavit
2031 2794 2291 2855 serpentem
2327 2791 2374 2838 in
2403 2791 2486 2839 de-

511 2859 647 2913 serto,
687 2855 746 2900 ita
771 2866 954 2916 oportet
976 2855 1163 2901 exaltari
1192 2855 1356 2901 Filium
1383 2856 1599 2913 hominis,
1637 2867 1684 2902 ut
1716 2860 1845 2903 omnis
1871 2860 1944 2919 qui
1977 2857 2116 2903 credit
2147 2859 2194 2903 in
2217 2857 2357 2919 Ipsum
2391 2873 2486 2905 non

512 2927 684 2987 pereat,
721 2920 779 2965 set
802 2918 943 2964 vitam
969 2932 1185 2965 aeternam
1211 2919 1414 2965 habeat’'
1460 2937 1476 2966 1
1493 2938 1510 2967 1
1527 2937 1575 2967 1:
1609 2937 1665 2977 14
1693 2937 1775 2981 15.
1831 2921 1974 2984 Apud
1998 2921 2178 2969 Esaiam
2198 2928 2232 2951 “
2254 2923 2488 2971 Dominus

499 2988 646 3042 dixit,
682 2985 756 3031 abi
777 2983 825 3029 ὅτ
847 2984 922 3030 dic
947 2984 1120 3047 populo
1146 2984 1270 3038 huic,
1308 2984 1457 3029 audite
1483 2984 1724 3041 audiendo,
1762 2985 1834 3032 sed
1861 3003 1949 3033 non
1977 2988 2236 3051 intelligite,
2273 2989 2324 3037 &
2343 2988 2488 3037 videte

511 3052 709 3106 vidend0‚
743 3050 790 3096 ὅτ
819 3065 874 3096 ne
898 3049 1176 3110 cognoscite,
1203 3049 1442 3112 impingua
1465 3065 1544 3095 cor
1572 3051 1726 3114 populi
1756 3049 1903 3114 hujus,
1928 3051 1977 3098 &
2001 3070 2131 3103 aures
2152 3053 2249 3118 ejus
2270 3069 2488 3119 aggrava,

510 3119 563 3166 ὅτ
586 3118 716 3167 oculos
740 3116 828 3180 ejus
850 3115 1002 3174 oblim,
1038 3131 1088 3165 ne
1107 3116 1232 3180 sorte
1259 3114 1413 3185 videat
1441 3116 1570 3185 qculis
1593 3118 1705 3181 suis,
1740 3116 1791 3165 ὅτ
1819 3118 1996 3170 auribus
2017 3120 2104 3173 suis
2127 3120 2295 3181 audiat,
2332 3120 2384 3170 ὅτ
2405 3135 2487 3168 cm·

728 3210 731 3213 .
2386 3200 2488 3250 ‘ejus
