2904 3750
562 222 695 299 462
983 221 1143 289 ’νυ
1176 222 1329 290 E
1380 224 1464 290 N
1530 221 1611 287 -E
1686 218 2083 288 >S=1·S.·
2373 229 2381 241 ··

552 339 820 390 Dominum
855 343 903 392 &
929 341 1151 390 charitatis
1180 358 1290 406 ‚erga
1313 341 1598 406 proximum,
1633 355 1740 404 quae
1764 336 1984 405 conjungi
2017 338 2143 387 bono
2177 339 2442 390 innaturali
2480 342 2570 391 hoe

563 408 685 455 mine
702 409 932 467 dicuntur,
947 409 1139 474 *quando
1163 411 1329 473 volupe
1351 411 1399 462 δε
1414 406 1685 472 jucundum¹
1702 405 1765 454 est
1787 405 1989 454 scireilla
2013 406 2378 470 propterfacere,
2403 410 2490 457 illa.

601 531 610 535 ..
633 492 776 541 3710.
815 478 878 524 Et
910 479 955 524 in
979 475 1142 524 semine
1165 487 1262 532 tuo,
1298 475 1426 539 quod
1448 474 1669 537 significet
1691 474 1892 529 Severo,
1935 490 2100 537 nempe
2123 474 2250 537 quod
2278 473 2563 541 conjungen-

563 555 660 598 tur,
695 543 867 592 constat
900 559 957 591 ex
987 543 1308 607 fignificatione
1342 542 1538 599 seminis,
1578 540 1708 605 quod
1731 540 1785 588 fit
1807 555 1987 597 verum,
2024 541 2080 588 de
2103 557 2194 605 qua
2227 554 2288 590 n:
2312 557 2390 607 29.
2422 550 2566 606 ¹025?

573 623 712 674 1447.
748 611 882 660 1610.
911 614 1055 670 2848.
1084 625 1225 673 3373.
2068 636 2072 640 <
2281 654 2285 656 .
2502 648 2536 658 ..
2568 640 2574 653 ,-

637 693 778 742 37¹¹·
815 676 962 741 Qod
985 691 1087 723 ecce
1111 676 1220 738 Ego
1249 690 1358 722 curn
1394 686 1454 730 te,
1490 673 1711 737 fignificet
1733 673 1860 736 quod
1883 674 2112 721 Divinum
2133 697 2147 730 -,
2190 675 2240 722 ὅτ
2262 675 2389 739 quod
2414 674 2560 724 custo-

565 740 690 790 diam
731 756 773 798 te
814 745 857 790 in
893 744 1021 790 omni
1059 757 1155 804 quo
1191 757 1280 798 eaS,
1316 739 1540 803 fignificet
1566 741 1782 791 Divinam
1808 740 2166 797 Providentiam,
2202 741 2373 791 constat
2402 759 2562 801 exjeo,

565 809 690 871 quod
716 810 823 873 Ego
855 809 928 856 hic
966 808 1017 855 fit
1039 807 1261 868 Jehovah,
1296 807 1357 854 ita
1382 807 1605 853 Divinum
1630 806 1857 861 Domini·‚
1899 807 1947 854 δε
1981 823 2037 854 ex
2057 807 2382 870 significatione
2413 809 2574 857 custo·.

565 875 662 925 dire
693 877 737 924 in
762 876 888 924 omni
912 890 1014 939 quo·
1030 889 1117 931 eaS,
1151 873 1278 936 quod
1304 872 1356 920 fit
1379 871 1672 920 Providentia
1694 888 1751 918 ex
1774 873 1965 929 Divino,
2001 875 2050 921 δε
2072 875 2177 936 quia
2197 877 2349 938 agitur
2380 875 2439 923 de
2463 877 2562 924 Do-

569 944 713 1000 mino,
749 942 811 989 est
841 943 1011 989 Divina
1034 939 1355 988 Providentia:
1396 954 1478 1003 per
1505 939 1733 986 Divinum
1768 941 1816 986 &
1856 939 2073 987 Divinam
2110 941 2453 991 ProvidentIam
2488 943 2561 991 hic

566 1009 850 1072 intelligitur,
884 1007 1012 1071 quod
1033 1008 1267 1054 Dominus
1289 1006 1426 1053 etiam
1450 1005 1667 1055 Naturale
1691 1004 1822 1052 suum
1846 1005 2074 1071 Divinum
2096 1003 2272 1055 faceret.

636 1091 777 1139 3712.
814 1075 878 1123 Et
903 1074 1115 1121 reducam
1141 1085 1184 1121 te
1207 1073 1265 1119 ad
1289 1072 1486 1119 humum
1510 1071 1642 1128 hane,
1665 1071 1794 1134 quod
1817 1070 2039 1134 fignificet
2061 1070 2431 1137 conjunctionem
2453 1090 2562 1123 cum

565 1142 736 1189 Divina
768 1140 988 1197 doctrina,
1024 1138 1198 1186 constat
1230 1156 1256 1187 a
1288 1137 1612 1201 significatione
1648 1137 1876 1194 reducere,
1921 1137 2048 1200 quod
2082 1137 2134 1184 sit
2172 1140 2336 1187 iterum
2372 1139 2563 1203 conjun-

566 1224 703 1270 gere3
747 1208 794 1254 ὅτ
834 1224 858 1254 a
895 1206 1217 1271 significatione
1253 1205 1401 1262 humi,
1435 1204 1562 1268 quod
1604 1203 1657 1250 sit
1686 1203 1890 1251 doCtrina
1927 1203 2035 1251 Boni
2070 1204 2121 1255 ,ὃῑ
2161 1205 2256 1252 veri
2288 1206 2335 1253 in
2374 1208 2562 1255 naturali

564 1274 765 1331 homine,
801 1274 856 1321 de
878 1290 967 1337 qua
1001 1290 1060 1320 n:
1083 1273 1193 1321 258.
1222 1272 1331 1335 566.
1363 1274 1477 1336 990,
1515 1271 1588 1318 hic
1611 1271 1781 1318 Divina
1803 1270 2022 1326 doctrina,
2057 1271 2164 1334 quia
2194 1287 2277 1335 per
2298 1273 2460 1335 Jacobi
2481 1290 2558 1339 pe-

564 1342 909 1405 regrinationem
945 1339 1064 1403 apud
1101 1338 1332 1387 Labanam
1369 1337 1740 1401 repraesentantur
1782 1337 2098 1385 intercedentia
2143 1338 2308 1396 media,
2343 1356 2425 1404 per
2455 1356 2579 1405 quae‘

561 1407 792 1455 Dominus
817 1407 1031 1457 Naturale
1053 1407 1281 1455 Divinum
1314 1403 1438 1461 fecit,
1472 1404 1522 1451 &
1549 1419 1631 1468 per
1650 1403 1812 1466 jacobi
1835 1404 2147 1457 reduetionem
2177 1403 2250 1454 seu
2275 1407 2473 1455 reditum
2497 1407 2567 1455 ads

557 1486 720 1522 terram
748 1475 1002 1525 Canaanem
1033 1472 1370 1537 repraesentatur
1392 1471 1770 1519 intercedentium
1795 1471 2057 1536 mediorum
2091 1470 2210 1530 finis,
2246 1473 2373 1537 quod
2395 1489 2562 1538 nempe

561 1540 777 1588 Naturale
799 1541 1025 1588 Divinum
1056 1538 1239 1595 fecerit·,
1283 1541 1343 1586 ita
1375 1553 1455 1602 per
1487 1538 1700 1586 reducam
1736 1551 1779 1585 te
1811 1539 1869 1585 ad
1893 1537 2091 1585 humum
2116 1538 2244 1588 -hanc
2275 1539 2556 1604 fignificatur

557 1604 824 1668 *conjunctio
861 1623 968 1654 cum
994 1607 1163 1653 Divina
1196 1606 1412 1652 doctrina.
1485 1605 1655 1651 Divina
1690 1604 1909 1652 Doctrina
1937 1603 2001 1651 est
2025 1605 2252 1653 Divinum
2276 1607 2470 1664 Verum,
2505 1608 2554 1656 δι

561 1673 787 1721 Divinum
813 1674 988 1719 Verum
1025 1672 1088 1723 est
1120 1688 1257 1719 omne
1279 1671 1488 1718 Verbum
1519 1671 1746 1725 Domini3
1789 1669 1880 1732 ipsa
1916 1670 2087 1717 Divina
2121 1672 2326 1724 doctrina
2354 1672 2417 1719 est
2440 1674 2556 1720 Ver.-

560 1738 677 1785 bum
703 1741 756 1799 in
781 1738 903 1786 sensu
930 1739 1140 1801 supremo
1163 1740 1207 1784 in
1232 1753 1327 1800 quo
1349 1738 1480 1784 unice
1502 1736 1652 1799 agitur
1674 1735 1732 1782 de
1752 1735 1960 1783 Domino
1980 1757 1995 1792 ς
2032 1735 2136 1783 inde
2159 1738 2328 1786 Divina
2351 1738 2555 1788 doctrina
2579 1767 2581 1770 ·

559 1804 623 1853 est
652 1805 852 1852 Verbum
876 1807 921 1851 in
947 1803 1066 1851 sensu
1091 1806 1267 1851 interno
1306 1805 1350 1850 in
1374 1819 1469 1866 quo
1502 1803 1654 1864 agitur
1688 1801 1744 1849 cle
1767 1802 1935 1865 Regno
1956 1803 2149 1852 Domini
2183 1804 2230 1851 in
2254 1803 2384 1852 coelis
2418 1804 2486 1853 81·
2505 1806 2553 1852 in
2576 1829 2583 1833 ·

557 1869 723 1927 ternis,
764 1872 936 1923 Divina
959 1871 1163 1922 doctrina
1201 1869 1264 1918 est
1303 1885 1486 1933 quoque
1510 1867 1717 1915 Verbum
1756 1869 1801 1915 in
1834 1866 1955 1915 sensu
1990 1868 2160 1925 literali,
2197 1871 2243 1916 in
2276 1886 2372 1933 quo
2404 1873 2581 1933 agitur:

557 1937 616 2000 de
638 1938 721 1986 illis
745 1954 850 2001 quse
874 1939 918 1984 in
945 1937 1119 1984 mundo
1150 1936 1199 1984 δε
1235 1936 1363 2000 super
1384 1936 1510 1983 terris
1541 1933 1671 1990 sunt,
1712 1946 1756 1982 at
1786 1936 1893 1998 quia
1915 1932 2059 1985 {sensus
2083 1933 2261 1986 literalis
2297 1937 2343 1987 in
2368 1936 2409 1986 se
2438 1944 2552 1986 con-

556 2005 669 2054 tinet
705 2003 876 2052 sensum
916 2005 1161 2059 internum,
1202 2004 1251 2051 &
1292 2004 1364 2050 hic
1404 2001 1684 2065 supremum,
1719 2000 1770 2048 &
1811 1998 1988 2063 prorsus
2017 2000 2334 2065 correspondet
2368 2019 2450 2067 per
2485 2021 2583 2056 re,-⁴

555 2069 865 2133 praesentativa
887 2071 936 2117 &
960 2070 1269 2133 significativa,
1306 2069 1408 2115 ideo
1430 2070 1564 2115 etiam
1590 2067 1797 2115 doctrina
1824 2066 1929 2114 inde
1950 2066 2013 2114 est
2035 2067 2205 2115 Divina
2226 2087 2236 2117 ε
2279 2071 2387 2133 quia
2407 2071 2554 2132 Jacob

555 2136 839 2201 repraesentat
876 2139 1101 2192 Divinum
1140 2136 1357 2183 Naturale
1400 2135 1606 2191 Domini,
1653 2135 1789 2180 etiam
1831 2132 2116 2198 repraesentat
2147 2134 2352 2183 Verbum
2399 2138 2552 2201 quoad

559 2202 730 2250 sensum
766 2204 998 2259 literalem,
1035 2218 1139 2249 nam
1173 2202 1299 2266 quod
1326 2202 1555 2249 Dominus
1586 2200 1642 2248 fit
1658 2199 1884 2256 Verbum,
1921 2199 2008 2247 hoc
2039 2199 2120 2256 est,
2157 2216 2295 2248 omne
2327 2203 2569 2252 Divinum¹

557 2269 749 2327 Vtrum,
779 2282 943 2319 notum
968 2268 1030 2316 est
1052 2292 1066 2324 ;
1104 2269 1302 2316 naturale
1323 2267 1466 2315 Verbi
1493 2283 1584 2315 non
1619 2266 1744 2314 aliter
1768 2266 1810 2314 se
1831 2265 1964 2315 habet
1997 2282 2047 2313 ac
2071 2265 2214 2314 sensus
2237 2265 2332 2331 ejus
2356 2269 2552 2327 literalis,

555 2334 618 2382 est
650 2338 770 2384 enim
794 2336 866 2382 hic
897 2336 1035 2387 nubes
1059 2334 1317 2399 respective,
1337 2335 1545 2385 videatur
1568 2331 1764 2381 Praefat:
1792 2333 1848 2380 ad
1872 2334 2002 2397 Cap:
2029 2349 2159 2381 xvux
2185 2356 2198 2389 ς
2246 2346 2290 2382 at
2313 2337 2553 2386 Rationale

555 2399 650 2465 ejus
689 2401 760 2450 seu
797 2402 1018 2466 spirituale
1062 2404 1246 2453 interius
1269 2401 1410 2450 Verbi
1445 2401 1487 2452 se
1527 2400 1660 2453 habet
1695 2412 1747 2448 ut
1787 2397 2192 2457 sensus-internus,
2246 2401 2296 2448 δι
2331 2415 2552 2465 quatenus

556 2468 784 2518 Dominus
806 2467 871 2516 est
896 2469 1118 2526 Verbum,
1154 2468 1243 2519 dici
1277 2467 1422 2532 potest
1443 2467 1572 2532 quod
1603 2468 1639 2515 is
1671 2465 2014 2531 repraesentetur
2036 2483 2115 2530 per
2136 2465 2420 2527 Jischakum‚
2457 2468 2546 2516 sen·
2574 2479 2579 2486 ’

554 2532 624 2583 sus
657 2546 804 2584 autem
838 2534 1070 2598 supremus
1098 2550 1183 2598 ,per
1208 2534 1554 2584 Abrahamum:
1609 2533 1714 2579 inde
1743 2545 1880 2596 patet,
1921 2535 2033 2596 quid
2067 2533 2120 2583 fit
2151 2531 2410 2596 conjunctio
2441 2552 2549 2585 cum

559 2601 728 2645 Divina
761 2601 984 2656 dodirina,
1018 2616 1125 2647 cum
1164 2601 1436 2663 praedicatur
1471 2600 1529 2646 de
1554 2600 1728 2646 Divino
1749 2599 1958 2650 Naturali
1983 2600 2189 2655 Domini,
2225 2600 2350 2663 quod
2386 2617 2550 2667 reprae·

558 2665 749 2715 lentatur
772 2683 850 2729 per
874 2666 1130 2727 jaeobum:
1173 2682 1332 2716 verum
1367 2666 1489 2715 enim
1512 2679 1625 2712 »vero
1654 2664 1760 2722 haec*
1790 2663 1830 2711 se
1863 2666 1925 2711 ita
1947 2681 2038 2711 non
2063 2665 2226 2711 habent
2256 2667 2299 2714 in
2330 2668 2547 2723 Domino,

556 2747 692 2778 omne
723 2735 845 2781 enim
878 2735 923 2781 in
947 2731 1046 2795 Ipso
1076 2729 1138 2778 est
1166 2732 1386 2781 Divinum
1413 2733 1613 2787 Bonum,
1639 2746 1730 2777 non
1754 2743 1904 2777 autem
1933 2732 2154 2777 Divinum
2180 2730 2371 2787 Verum,
2402 2734 2550 2780 minus

560 2797 782 2844 Rivinum
806 2814 964 2847 verum
990 2797 1200 2853 naturale,
1236 2797 1308 2844 sed
1335 2798 1558 2848 Divinum
1577 2796 1756 2843 Verum
1780 2796 1843 2842 est
1874 2798 2093 2842 Divinum
2119 2797 2300 2846 Bonum
2333 2814 2548 2861 apparens

553 2865 600 2909 in
636 2863 758 2927 coelo
791 2879 941 2913 eoram
977 2864 1158 2925 angelis·
1179 2865 1225 2908 &
1265 2865 1308 2909 in
1332 2875 1447 2910 terra
1469 2878 1621 2912 coram
1644 2861 1923 2917 hominibuS,
1958 2862 2007 2908 δε
2034 2862 2203 2908 tametsi
2228 2862 2290 2908 est
2314 2880 2547 2927 apparens,
2582 2892 2585 2895 -

552 2928 692 2993 ⁴usque
728 2929 790 2975 est
818 2930 1039 2979 Divinum
1065 2930 1256 2984 Verum,
1291 2929 1396 2991 quia
1428 2927 1490 2975 est
1526 2943 1550 2979 a
1589 2928 1763 2973 Divino
1797 2927 1944 2984 Bono,
1982 2927 2092 2974 ficut
2129 2928 2239 2975 Lux
2278 2931 2403 2992 quod
2447 2931 2545 2981 solis

552 2997 608 3043 sit
631 2997 736 3059 quia
767 3011 791 3041 a
814 2995 916 3050 sole„
953 2994 1156 3045 videatur
1191 3011 1248 3041 n:
1272 3011 1415 3058 3704.
1467 3029 1472 3032 -
2584 3035 2586 3041 ,

504 3112 513 3115 ‚
623 3078 763 3126 3713.
801 3063 926 3120 Quia
963 3078 1054 3108 non
1095 3061 1349 3123 relinquam
1397 3074 1439 3106 te
1480 3059 1623 3107 donec
1662 3058 1787 3121 quod
1829 3057 1976 3110 fecero
2023 3060 2150 3123 quod
2189 3061 2404 3125 loquutus
2444 3065 2543 3121 tibi,
2580 3108 2582 3110 .

548 3130 680 3192 quod
719 3128 955 3191 fignificet‚
1008 3128 1134 3191 quod
1167 3128 1277 3178 nihil
1317 3127 1457 3178 deerit
1490 3128 1603 3190 quin
1639 3125 1857 3177 effectum
1895 3126 2114 3185 habitura,
2164 3129 2360 3181 constare
2401 3131 2584 3194 ponit*

545 3194 711 3262 absque
740 3194 1046 3263 explicatione,
1508 3204 1515 3214 ²
1979 3214 1983 3219 ·
2021 3219 2025 3223 ·

780 3271 783 3274 '
957 3264 959 3267 ’
2238 3279 2378 3327 3714·
2407 3262 2547 3331 Vers:
