2904 3750
554 264 689 324 400
1067 245 2209 322 GENESNJI‘S.

554 374 699 436 quid
691 391 734 421 m
761 373 882 423 sensu
914 375 1274 438 repraesentativo
1302 377 1352 423 [it
1381 374 1567 439 alicujus
1591 377 1819 441 perceptio
1852 393 1877 423 a
1901 392 2025 433 vero,
2050 376 2135 423 ὅτ
2125 391 2170 423 in
2196 373 2318 423 sensu
2344 374 2554 439 supremo

555 442 749 488 Domini
768 439 1014 506 Pei-ceptio
1046 458 1102 489 ex
1127 444 1300 490 Divino
1325 444 1463 490 Vero

628 508 767 571 3620.
805 508 1002 557 Fastidio
1024 510 1167 556 vitam
1200 525 1348 556 meam
1382 526 1466 573 pro
1493 509 1670 556 filiabus
1695 510 1861 566 Cheth,
1897 509 2023 573 quod
2051 508 2271 573 significet
2304 506 2554 572 adjunffio-

558 591 663 621 nem
687 577 780 622 veri
806 576 1015 623 naturalis
1054 576 1249 632 aliunde,
1286 577 1458 623 constat
1494 593 1549 623 ex
1573 576 1896 639 significatione
1927 575 2119 623 fastidire
2144 578 2303 632 vitam,
2339 576 2466 639 quod
2505 575 2558 623 fit

558 641 680 688 nulla
707 640 937 705 adjunetio
971 658 1133 705 nempe
1155 644 1250 689 veri
1281 643 1507 699 naturalis,
1545 644 1601 689 ad
1633 660 1795 690 verum
1821 643 2060 699 rationaliS,
2098 659 2204 690 cum
2230 644 2352 689 enim
2377 659 2467 689 non
2492 642 2556 690 est

560 706 805 770 adjunctio,
842 722 951 756 tunc
981 720 1163 771 apparet
1185 709 1411 755 Rationali
1445 710 1539 756 vita
1578 709 1652 756 sua
1683 710 1796 757 sicut
1831 710 1966 767 nulla,
2003 721 2054 756 ut
2091 708 2289 757 constare
2323 709 2468 772 potest
2503 709 2560 756 ab

561 775 647 821 illis
682 791 910 851 11:3493,
946 775 1064 821 dieta
1088 774 1218 830 sunt,
1259 777 1307 822 &
1340 791 1397 822 ex
1431 775 1786 838 significatione
1790 777 1986 823 filiarum
2011 776 2176 831 Cheth,
2213 777 2339 840 quod
2375 776 2459 822 sint
2492 773 2557 822 af-

561 839 773 888 feffiones
797 843 892 888 veri
922 857 979 888 ex
1002 857 1094 887 non
1118 842 1336 905 genuino,
1373 841 1445 888 hic
1469 843 1561 888 veri
1595 842 1805 890 naturalis
1840 844 1946 905 quia
1975 843 2031 889 de
2056 843 2231 904 Jacobo
2255 844 2438 898 dicitur,
2477 858 2556 904 per

561 923 699 970 quern
741 908 866 971 quod
902 923 1062 953 verum
1095 907 1293 955 naturale
1325 908 1680 970 repraesentetur,
1717 907 1846 972 supra
1879 908 2104 957 ostensum
2141 910 2238 964 est;
2287 910 2413 972 quod
2448 909 2556 956 filiae

562 975 647 1021 11nt
670 974 940 1030 affeetiones,
977 974 1181 1021 videatur
1215 991 1279 1021 n.
1302 975 1462 1037 2362,
1499 976 1548 1023 δε
1571 975 1695 1038 quod
1723 974 1872 1022 Cheth
1895 974 1967 1022 seu
1992 976 2216 1022 Chittaeus
2241 975 2293 1022 sit
2315 992 2475 1022 verum
2499 991 2557 1022 ex

563 1042 928 1163 ssssssbffissssz,
948 1040 1577 1183 ”figutissezusnss0i102siiia
1614 1041 1863 1183 Ξὲἷυξᾶῗὲ
1879 1040 2090 1155 nffss'ssi‘is
2111 1044 2559 1180 ‘ggffiffimqggg

563 1189 656 1221 non
678 1189 734 1220 ex
756 1175 971 1237 genuino,
1007 1175 1070 1221 ita
1102 1173 1230 1237 quod
1263 1174 1347 1220 erit
1384 1171 1617 1237 adjunffio
1653 1175 1747 1220 veri
1781 1174 1991 1221 naturalis
2027 1175 2241 1222 aliunde:
2282 1175 2339 1221 de
2371 1172 2558 1237 adjunc-

562 1242 684 1288 tione
707 1242 801 1288 veri
835 1239 1045 1288 naturalis
1080 1241 1125 1287 in
1150 1238 1449 1313 sequentibus,
1485 1239 1563 1287 ubi
1597 1240 1652 1287 de
1685 1242 2042 1288 commoratione
2065 1239 2227 1301 Jacobi
2265 1239 2386 1303 apud
2410 1240 2559 1288 Laba
2582 1257 2588 1264 ’

563 1323 686 1366 nem,
722 1308 886 1371 agitur,
921 1306 1048 1371 quod
1082 1322 1249 1370 nempe
1286 1304 1494 1370 adjuncta
1525 1306 1610 1353 fint
1643 1308 1683 1354 ei
1716 1318 1820 1354 vera
1852 1324 1877 1354 e
1913 1307 2151 1354 communi
2188 1305 2356 1370 stirpe,
2394 1306 2442 1354 δε
2478 1322 2557 1371 per

560 1389 683 1431 vera,
718 1390 824 1438 quae
848 1372 1163 1450 repraesentant
1186 1373 1292 1421 filiae
1315 1372 1482 1430 Cheth,
1517 1374 1627 1437 quia
1649 1390 1740 1421 non
1764 1385 1889 1421 erant
1919 1389 1976 1422 ex
2000 1374 2074 1420 illa
2099 1373 2250 1437 stirpe,
2287 1389 2379 1421 non
2403 1374 2556 1436 potuit

562 1440 658 1488 fieri
692 1439 937 1505 adJ‘unEtio,
972 1442 1078 1505 quia
1113 1440 1305 1504 disparia
1336 1441 1384 1497 δε
1423 1439 1754 1496 discordantia,
1796 1457 1877 1504 per
1906 1440 2024 1488 filios
2058 1441 2180 1488 enim
2206 1439 2357 1487 Cheth
2392 1455 2558 1504 reprae-

562 1507 756 1555 sentatur
780 1508 977 1556 Ecclesia
1009 1507 1244 1572 spiritualis
1287 1507 1409 1571 apud
1451 1520 1624 1571 gentes,
1661 1524 1725 1556 n:
1748 1525 1891 1573 2913.
1917 1507 2064 1572 2986,
2115 1509 2161 1555 in
2202 1522 2294 1571 qua
2326 1507 2433 1571 quia
2465 1523 2557 1555 non

562 1574 786 1631 Verbum,
821 1590 926 1622 vera
947 1574 1008 1621 ibi
1033 1590 1124 1621 non
1148 1590 1204 1621 ex
1228 1573 1302 1622 illa
1323 1575 1497 1637 origine
1521 1574 1636 1621 sunt.

634 1643 773 1704 3621.
810 1642 857 1687 Si
897 1642 1061 1704 accipit
1083 1640 1229 1701 Jacob
1270 1641 1507 1687 mulierem
1545 1657 1570 1688 e
1605 1640 1778 1688 filiabus
1814 1640 1979 1696 Cheth,
2015 1640 2143 1703 quod
2178 1639 2401 1705 fignificet
2429 1640 2557 1703 quod

564 1724 656 1754 non
679 1723 841 1755 verum
865 1707 1061 1754 naturale
1095 1706 1181 1753 illis
1215 1706 1508 1762 associaretur,
1544 1706 1714 1753 constat
1736 1722 1793 1752 ex
1816 1706 2136 1769 significatione
2169 1708 2366 1770 accipere
2398 1707 2560 1754 mulie-

562 1789 677 1830 rem,
712 1773 840 1836 quod
863 1773 917 1819 sit
950 1772 1177 1827 affociari;
1223 1772 1272 1819 δε
1296 1787 1354 1818 ex
1378 1770 1701 1835 fignificatione
1724 1772 1922 1818 filiarum
1946 1771 2111 1828 Cheth,
2137 1772 2266 1835 quod
2298 1771 2385 1818 lint
2416 1772 2554 1820 affec—

558 1841 704 1887 tiones
742 1841 836 1887 veri
870 1854 926 1886 ex
964 1854 1056 1885 non
1095 1839 1312 1902 genuino,
1349 1837 1407 1884 de
1440 1853 1529 1902 qua
1557 1854 1671 1886 mox
1707 1837 1835 1912 supra
1871 1854 1932 1885 n·
1958 1839 2103 1901 3620,
2140 1837 2213 1885 seu
2246 1838 2373 1901 quod
2410 1838 2554 1896 idem,

561 1922 739 1963 verum,
773 1921 879 1952 nam
902 1921 1061 1952 verum
1086 1904 1250 1968 absque
1278 1903 1514 1951 affectione
1538 1920 1629 1952 non
1664 1903 1974 1968 conjungitur,
2010 1919 2071 1950 n:
2095 1904 2237 1965 3066.
2267 1921 2291 1966 3
2301 1920 2324 1966 3
2333 1904 2422 1966 36
2456 1904 2556 1951 haec

560 1972 799 2039 quomodo
832 1971 876 2019 se
910 1969 1090 2028 habent,
1138 1970 1308 2019 constat
1353 1970 1410 2018 ab
1452 1970 1556 2028 illis,
1607 1986 1714 2034 quae
1755 1985 1867 2017 mox
1909 1968 2041 2033 supra
2084 1969 2141 2041 de
2179 1968 2356 2018 filiabus
2389 1969 2557 2027 Cheth,

556 2039 681 2087 dicta
713 2036 826 2087 sunt.

623 2106 771 2170 3622.
809 2106 936 2153 Sicut
964 2103 1055 2152 illae
1087 2121 1111 2151 e
1135 2103 1310 2151 filiabus
1332 2114 1477 2161 terrae,
1513 2103 1641 2167 quod
1669 2102 1894 2169 significet
1931 2102 2037 2167 quia
2073 2119 2165 2151 non
2200 2119 2256 2152 ex
2288 2101 2362 2151 illa
2391 2103 2556 2162 humo,

562 2172 649 2219 hoc
671 2171 751 2229 est,
787 2188 812 2219 3
833 2173 950 2220 veris
973 2172 1185 2235 genuinae
1206 2169 1441 2227 Ecclesiae,
1478 2169 1652 2218 constat
1674 2187 1701 2219 a
1723 2170 2043 2234 significatione
2067 2169 2281 2228 filiarum,
2315 2170 2444 2234 quod
2469 2170 2554 2218 sint

560 2238 808 2295 Ecclefiae3
845 2238 952 2285 filiae
973 2238 1094 2285 enim
1120 2236 1374 2300 significant
1401 2235 1659 2285 affectiones
1696 2236 1806 2285 boni
1842 2238 1892 2285 &
1920 2237 2034 2292 veri,
2070 2252 2131 2284 n.
2120 2253 2131 2265 ·
2153 2237 2315 2301 2362·
2358 2238 2407 2283 &
2438 2249 2553 2284 terra

560 2305 780 2367 fignificat
811 2305 1021 2352 tractum
1027 2301 1116 2350 ubi
1139 2302 1353 2360 Ecclesia,
1388 2304 1449 2350 ita
1482 2303 1750 2361 Ecclesiam,
1791 2303 1849 2351 de
1884 2318 1974 2367 qua
2008 2272 2378 2352 n2662.10’66.
2412 2303 2551 2367 1067.

567 2372 702 2421 1262.
735 2387 872 2436 1733.
914 2375 1052 2433 1850.
1080 2385 1222 2435 2117.
1250 2368 1429 2420 2118f.
1457 2387 1600 2436 2929.
1637 2387 1801 2435 3355;
1842 2372 1904 2419 ita
1933 2369 2042 2417 filiae
2063 2381 2194 2417 terrae
2229 2368 2330 2417 sunt
2354 2368 2471 2417 bona
2504 2370 2554 2417 δε

560 2453 666 2485 vera
688 2437 918 2486 Ecclefiae.

542 2513 544 2516 “
633 2505 774 2568 3623.
808 2505 969 2566 Qare
997 2503 1112 2552 mihi
1133 2503 1262 2560 vitae,
1295 2503 1424 2568 quod
1459 2500 1682 2568 significet
1703 2503 1830 2568 quod
1861 2502 1921 2551 fic
1945 2518 2038 2551 non
2066 2499 2344 2567 conjunctio,
2380 2499 2553 2551 constat

560 2587 585 2617 a
617 2571 940 2634 significatione
961 2572 1180 2626 vitarum,
1214 2570 1344 2633 quod
1372 2569 1428 2617 sit
1463 2569 1724 2634 conjunctio
1755 2586 1836 2646 per
1866 2585 1973 2618 vera
2004 2569 2055 2616 &
2092 2569 2244 2625 bona3
2288 2583 2396 2615 cum
2428 2566 2551 2615 enim
2642 2587 2644 2589 >

558 2637 685 2684 Vero
717 2635 903 2684 naturali
925 2651 1020 2683 non
1042 2634 1233 2699 aliquod
1251 2651 1411 2683 verum
1445 2651 1502 2683 ex
1533 2638 1771 2685 communi
1805 2636 1939 2699 stirpe
1972 2634 2045 2681 seu
2068 2636 2269 2697 genuino
2291 2630 2434 2690 fonte,
2470 2632 2551 2679 ad·
2613 2691 2615 2693 V

552 2700 690 2766 jungi
722 2702 883 2765 posset,
930 2713 1041 2749 tunc
1077 2716 1159 2748 nec
1198 2699 1430 2764 adjunctio
1467 2699 1585 2749 foret
1621 2701 1854 2749 Naturalis
1891 2701 1949 2748 ad
1973 2701 2150 2746 Verum
2186 2698 2450 2755 RationaliS,
2490 2699 2552 2746 ita
2614 2740 2616 2742 .

553 2779 786 2831 appareret
809 2767 1037 2814 Rationali
1060 2768 1153 2813 vita
1175 2764 1265 2823 sua,
1300 2766 1413 2813 ficut
1436 2765 1576 2823 nulla,
1611 2781 1673 2813 n·
1696 2784 1839 2830 3493.
1866 2767 2029 2828 3620,
2066 2766 2171 2811 inde
2194 2764 2284 2820 hie,
2308 2779 2388 2826 per
2410 2779 2550 2840 quare

558 2834 672 2880 mihi
695 2834 824 2889 vitae,
858 2832 1151 2896 significatur,
1184 2831 1311 2895 quod
1334 2832 1395 2878 fic
1418 2848 1510 2880 non
1539 2830 1815 2895 conjunffio.
1886 2830 2033 2890 Quod
2055 2830 2127 2877 hic
2149 2831 2200 2877 &
2231 2829 2335 2876 alibi
2360 2831 2470 2876 vitae
2503 2831 2550 2877 in

561 2899 721 2963 plurali
756 2899 978 2955 dicantur,
1011 2897 1078 2944 est
1109 2897 1216 2960 quia
1239 2897 1359 2944 binae
1381 2898 1491 2944 vitae
1514 2895 1742 2944 facultates
1776 2899 1823 2944 in
1846 2896 2030 2943 homine
2063 2895 2180 2952 sunt,
2215 2911 2304 2942 una
2335 2911 2440 2958 quae
2465 2912 2552 2943 vo-

547 2978 685 3013 catur
708 2964 971 3020 intelleflus,
1007 2965 1057 3010 &
1079 2963 1143 3010 est
1164 2963 1275 3019 veri,
1310 2962 1446 3010 altera
1472 2978 1580 3025 quae
1603 2963 1813 3010 voluntas
1847 2962 1896 3009 δε
1928 2961 1991 3008 est
2015 2960 2157 3017 boni,
2198 2960 2271 3009 hae
2293 2961 2413 3009 binae
2436 2963 2548 3010 vitae

545 3031 631 3078 ·seu
653 3034 763 3078 vitae
787 3028 1019 3078 facultates
1042 3045 1181 3076 unam
1203 3025 1392 3085 faciunt,
1428 3028 1614 3091 quando
1651 3028 1899 3075 intellectus
1930 3026 1994 3075 est
2017 3027 2279 3083 voluntatis,
2315 3026 2388 3075 seu
2421 3028 2549 3091 quod

543 3098 698 3154 idem,
732 3112 892 3143 verum
924 3095 992 3143 est
1032 3095 1169 3143 boni:
1219 3094 1324 3142 inde
1362 3093 1442 3151 est,
1477 3093 1605 3157 quod
1640 3094 1687 3141 in
1725 3094 1911 3157 Lingua
1935 3092 2137 3141 Hebraea
2175 3095 2331 3158 paffim
2366 3093 2545 3142 dicatur

551 3165 665 3222 vita,
702 3163 750 3212 &
787 3164 944 3228 passim
979 3163 1124 3219 vitae,
1169 3160 1298 3227 quod
1332 3161 1459 3218 vitae,
1497 3172 1619 3259 patet
1656 3159 1713 3208 ab
1745 3157 1813 3209 his
1851 3160 1978 3218 locis,
2019 3161 2312 3209 “Formavit
2335 3150 2543 3224 Jehovah

2414 3227 2543 3275 Deus
