2904 3750
437 3036 443 3038 a
511 2989 577 3038 do
608 3004 856 3039 commune
891 2988 982 3036 hoc

525 185 653 252 512
1009 159 1082 228 ‘G
1172 136 1236 241 jz
1327 161 1409 226 N
1496 160 1558 225 E
1648 118 1991 239 sir-S.

580 298 721 357 3817.
757 290 880 339 Vers
897 309 907 338 ε
940 291 1016 342 16.·
1044 307 1116 357 17.
1154 295 1217 341 Et
1239 292 1412 340 Labani
1440 290 1533 338 duae
1553 289 1682 349 filiae,
1717 306 1864 339 nomen
1899 291 2076 353 majoris
2099 289 2239 348 Leab‚
2274 290 2328 341 ἑὸ*
2354 307 2499 341 nomen

509 361 687 408 minoris
712 358 895 413 Rachel,
933 358 988 406 &
1022 359 1129 405 oculi
1154 360 1254 404 Leae
1289 357 1460 414 debiles,
1501 356 1557 406 &³
1582 357 1751 405 Rachel
1786 366 1881 405 erat
1908 356 2092 418 pulchra
2113 356 2374 421 ferma,-&
2399 358 2499 420 pul-

512 426 619 473 chra
646 425 820 491 aspeeiu.
892 422 1069 470 Labani
1094 422 1198 470 duae
1221 422 1347 479 filiae,
1385 423 1612 486 significat
1635 421 1900 471 affeffiones
1926 423 2019 471 veri
2058 438 2115 471 ex
2149 423 2273 471 bono
2296 423 2421 489 quod
2445 437 2501 471 ex

512 491 648 554 stirpe
678 488 950 537 communi:
990 503 1164 536 nomen
1200 486 1386 553 rrajoris
1420 489 1570 546 Leah,
1612 489 1834 553 significat
1869 487 2168 538 affeffionem
2200 489 2297 536 veri
2327 490 2501 538 externi

513 571 621 606 cum
652 555 812 619 quali;
847 554 897 600 ὅτ
935 569 1106 602 nomen
1143 553 1335 602 minoris
1379 555 1572 611 Rachel,
1609 553 1836 619 fignificat
1867 554 2160 604 affectionem
2198 554 2293 602 veri
2329 555 2499 616 interni

510 638 618 675 cum
642 621 798 684 quali:
835 621 884 669 &
911 620 1030 667 oculi
1057 620 1172 668 Leae
1201 619 1393 677 debiles,
1431 621 1658 684 fignificat
1691 620 1987 670 affeffionem
2011 621 2107 670 veri
2140 620 2317 669 externi
2347 620 2500 686 quoad

513 688 799 735 intellectum
824 684 916 750 ejus
941 686 1065 750 quod
1089 686 1190 735 talis
1212 705 1223 733 :
1259 688 1309 734 ὅτ
1334 687 1509 735 Rachel
1528 700 1624 734 erat
1647 688 1835 751 pulchra
1853 686 2001 736 forma
2023 688 2072 738 &
2093 686 2280 752 pulchra
2301 687 2501 752 aspectu,

512 754 741 817 fignificat
762 751 1052 801 affectionem
1076 752 1173 801 veri
1201 752 1429 801 interioris
1452 751 1605 817 quoad
1629 752 1864 818 spirituale
1892 754 2019 818 quod
2043 754 2160 802 talis.

582 823 724 883 3818.
761 819 939 867 Labani
970 818 1075 866 duae
1110 818 1239 876 filiae,
1274 818 1402 882 quod
1427 818 1650 882 significet
1686 818 1952 867 affectiones
1984 819 2082 867 veri
2117 835 2176 867 ex
2211 820 2337 868 bono
2371 819 2498 884 quod

512 901 570 934 ex
610 886 745 948 stirpe
784 886 1038 941 communi,
1085 884 1262 933 constat
1301 900 1327 932 a
1367 882 1767 949 repraesentatione
1807 883 2030 943 Labanis,
2072 884 2196 947 quod
2232 884 2285 932 fit
2311 885 2502 948 ‚bonum

514 950 769 999 communis
793 950 966 1015 stirpis,
1005 949 1080 998 sed
1115 951 1331 1006 alatere,
1370 950 1429 997 de
1450 967 1536 1016 qua
1567 967 1596 998 n
1623 968 1634 999 ε
1665 952 1807 1015 3612.
1848 950 1991 1014 3665:
2031 954 2159 1015 3J78
2181 949 2282 1005 ;.&
2305 966 2331 997 a
2362 951 2502 1014 signi-

514 1018 724 1065 ficatione
759 1016 978 1073 filiarum,
1013 1016 1143 1081 quod·
1173 1017 1257 1065 sint
1286 1015 1572 1076 affeffioneS,
1609 1016 1670 1065 de
1700 1033 1788 1081 qua
1821 1033 1851 1064 n
1889 1034 1902 1064 z
1942 1019 2090 1081 2362,
2127 1014 2503 1078 hic'affeetiones

512 1085 608 1146 veri
631 1099 733 1146 quae
756 1099 812 1130 ex
837 1083 965 1130 bono
988 1083 1113 1147 quod
1140 1083 1322 1140 Laban,
1358 1082 1569 1134 videatur
1595 1099 1623 1130 n
1650 1101 1661 1131 :
1691 1098 1835 1148 3793.
2138 1079 2144 1081 ⁴

582 1154 723 1212 3819.
771 1149 962 1197 Nomen
1001 1148 1185 1213 majoris
1220 1149 1368 1206 Leah,
1415 1151 1543 1213 quod
1579 1149 1810 1214 significet
1843 1146 2138 1197 affectionem
2179 1147 2279 1194 veri
2319 1149 2500 1197 externi

514 1231 621 1263 curn
645 1214 785 1277 quali,
823 1216 874 1263 &
899 1231 1068 1262 nornen
1095 1215 1289 1263 minoris
1314 1216 1507 1273 Rachel,
1547 1216 1672 1280 quod
1706 1214 1935 1279 significet
1966 1212 2257 1262 affeetionern
2293 1215 2390 1262 veri
2425 1215 2499 1262 in-

515 1281 629 1330 terni
655 1297 759 1328 cum
784 1280 924 1345 quali,
960 1280 1134 1329 constat
1157 1297 1213 1329 ex
1238 1281 1639 1345 repraesentatione
1664 1282 1794 1338 Leae,
1832 1279 1960 1345 quod
1996 1279 2048 1327 fit
2081 1278 2266 1327 affectio
2291 1281 2389 1328 veri
2419 1296 2500 1329 ex-

515 1346 666 1402 terni;
703 1347 751 1393 &
787 1348 1021 1405 Rachelis,
1057 1348 1182 1412 quod
1219 1348 1271 1395 fit
1299 1347 1485 1396 affectio
1520 1347 1831 1405 veriinterni,
1876 1346 1934 1394 de
1962 1346 2129 1409 quibus
2153 1363 2182 1393 n
2208 1362 2220 1393 :
2248 1363 2412 1412 37933
2449 1347 2502 1394 ὅτ

517 1428 573 1459 ex
601 1413 932 1476 significatione
960 1413 1176 1470 nominis,
1201 1414 1323 1478 quod
1352 1414 1403 1462 fit
1425 1416 1576 1479 quale,
1612 1414 1670 1462 de
1692 1430 1781 1478 qua
1803 1429 1832 1461 n
1861 1431 1872 1461 z
1905 1428 2012 1472 144.
2048 1427 2157 1476 145.
2188 1426 2326 1476 1754.
2359 1412 2501 1478 1896.

518 1495 660 1543 2009.
686 1495 832 1543 2724.
861 1483 1004 1544 3006.
1038 1479 1184 1543 major
1208 1480 1371 1528 dicitur
1394 1482 1542 1538 Leab‚
1578 1481 1686 1546 quia
1709 1496 1870 1528 verum
1896 1492 2139 1526 externum
2166 1478 2290 1542 prius
2311 1477 2501 1537 dicitur,

516 1544 565 1591 ὅτ
586 1546 733 1594 mitior
752 1546 942 1603 Rachel,
967 1546 1070 1611 quia
1086 1562 1247 1593 verum
1270 1546 1498 1595 internum
1518 1548 1750 1612 deinceps,
1785 1546 1857 1594 seu
1881 1545 2004 1610 quod
2028 1544 2174 1601 idern,
2213 1545 2358 1592 homo
2375 1546 2501 1609 prius

516 1611 711 1658 afficitur
744 1613 939 1659 externis
970 1612 1107 1668 veris,
1144 1611 1194 1658 &
1230 1611 1449 1676 deinceps
1486 1614 1687 1674 internis,
1726 1614 1825 1659 sunt
1858 1612 1986 1657 enini
2020 1623 2204 1658 externa
2237 1627 2344 1657 vera
2362 1611 2502 1676 plana

517 1676 819 1733 internorum,
845 1693 948 1723 nam
973 1677 1074 1724 sunt
1097 1677 1363 1724 communia
1385 1678 1429 1724 in
1455 1694 1559 1740 quae
1580 1678 1821 1740 singularia
1846 1674 2140 1729 insinuantur,
2170 1675 2312 1721 homo
2333 1667 2499 1740 absque

517 1741 618 1788 idea
637 1743 873 1788 communi
891 1742 953 1787 rei
976 1742 1091 1788 nihil
1113 1742 1333 1804 singulare
1354 1743 1729 1807 comprehendit,
1767 1741 1872 1789 inde
1893 1739 2128 1803 est,·'quod
2151 1739 2195 1785 in
2209 1740 2354 1805 Verbi
2374 1742 2498 1789 sensu

514 1806 674 1855 literali
701 1807 964 1855 communia
987 1823 1093 1854 vera
1117 1807 1219 1864 fint,
1240 1808 1304 1854 >in
1329 1807 1448 1856 sensu
1474 1821 1626 1856 autem
1655 1807 1836 1856 interno
1859 1805 2134 1868 fingularia;
2170 1804 2243 1855 illa
2268 1805 2369 1854 sunt
2394 1823 2501 1872 quae

514 1885 734 1920 vocantur
765 1887 967 1929 externa,
1004 1873 1103 1920 haec
1136 1886 1284 1920 autem
1323 1875 1530 1922 interna:
1569 1872 1618 1919 ὅτ
1649 1874 1756 1938 quia
1787 1889 1893 1920 vera
1925 1870 2090 1935 absque
2121 1870 2366 1918 affectione
2402 1888 2498 1920 non

513 1941 614 1985 sunt
639 1955 758 1996 vera,
795 1939 902 2004 quia
927 1938 1093 1987 nullius
1118 1939 1245 1996 vitae,
1283 1939 1389 1988 ideo
1411 1956 1515 1988 curn
1541 1956 1644 1988 vera
1667 1952 1852 1987 externa
1875 1939 1924 1987 ὅτ
1955 1937 2137 1985 interna
2159 1936 2390 1996 dicuntur,
2426 1939 2496 1987 in-

514 2003 784 2066 telliguntur
807 2004 1071 2052 affeffiones
1097 2005 1295 2053 illorum.

582 2074 725 2133 3820.
770 2070 834 2118 Et
868 2070 988 2118 oculi
1024 2072 1143 2126 Leae
1182 2071 1372 2127 debiles,
1398 2070 1543 2135 ,quod
1584 2069 1810 2134 fignificet
1847 2070 2140 2121 affe-&ionem
2178 2070 2276 2120 veri
2317 2070 2495 2119 externi

513 2135 664 2199 quoad
690 2136 972 2197 intellectum
996 2135 1087 2200 ejus
1110 2137 1236 2200 quod
1262 2137 1378 2193 talis,
1414 2137 1588 2184 constat
1617 2153 1675 2184 ex
1708 2137 2105 2203 repraesentatione
2132 2138 2262 2194 Lete,
2295 2137 2416 2199 quod
2443 2137 2498 2186 fit

511 2201 699 2250 affectio
723 2202 815 2249 veri
842 2203 1035 2258 externi,
1074 2202 1132 2249 de
1157 2219 1244 2265 qua
1271 2220 1297 2250 n
1326 2220 1336 2250 ε
1366 2217 1511 2268 3793,
1546 2203 1598 2251 &
1633 2219 1743 2252 mox
1778 2204 1911 2268 supra
1944 2221 1972 2251 n
2008 2222 2018 2251 :
2054 2221 2215 2269 27013
2252 2201 2302 2249 ὅτ
2328 2218 2382 2250 ex
2407 2203 2494 2266 fig-

511 2267 771 2315 nificatione
795 2268 974 2325 debilis,
1010 2268 1132 2332 quod
1171 2269 1223 2316 s1t
1258 2268 1510 2332 respefflve
1533 2270 1644 2318 talis.
1719 2269 1863 2337 Qod
1898 2268 2162 2319 affectiones
2185 2268 2284 2317 veri
2317 2268 2493 2330 externi

512 2333 597 2382 s1nt
628 2333 776 2397 quoad
813 2334 1095 2382 intellectum
1128 2334 1315 2392 debiles,
1361 2333 1434 2382 seu
1467 2336 1590 2399 quod
1631 2336 1777 2394 idern,
1816 2336 1894 2400 qui
1925 2336 1971 2383 in
2012 2336 2100 2384 illis
2135 2335 2254 2392 sunt,
2289 2333 2496 2383 conflare

511 2399 657 2466 potest
679 2400 736 2447 ab
758 2401 972 2457 externis,
1010 2401 1097 2448 hoc
1121 2400 1203 2458 est,
1244 2401 1568 2449 communibus
1595 2397 1726 2461 ideis,
1763 2419 1866 2468 quae
1899 2403 2106 2450 nondum
2141 2401 2373 2452 illustratae
2395 2401 2496 2449 sunt

510 2483 537 2513 a
561 2465 878 2527 singularibus,
913 2463 1037 2530 quod
1063 2466 1263 2515 infirmae
1288 2467 1372 2514 fint
1395 2466 1446 2515 ὅτ
1470 2464 1703 2526 vacillent,
1737 2468 1788 2516 ὅτ
1811 2468 1933 2533 quafi
1966 2468 2023 2516 ad
2047 2483 2363 2534 quemcunque
2387 2483 2498 2516 ven-

512 2544 613 2579 tum
650 2530 774 2588 ferri,
812 2532 896 2579 hoc
930 2531 1012 2588 est,
1048 2532 1104 2579 ad
1135 2549 1456 2598 quamcunque
1489 2534 1760 2598 opinionem
1794 2535 1913 2583 trahi
1947 2531 1990 2582 se
2025 2534 2272 2600 patiantur,
2309 2546 2354 2581 at
2384 2549 2493 2583 cum

511 2596 685 2644 eaedern
726 2596 960 2645 illustratae
986 2598 1085 2645 sunt
1125 2614 1151 2645 a
1190 2599 1504 2662 singularibus,
1539 2600 1664 2663 quod
1702 2600 1852 2648 firmae
1889 2599 2100 2658 evadant,
2143 2599 2194 2648 ὅτ
2233 2598 2493 2658 consistant,

513 2677 619 2710 narn
646 2660 753 2708 inde
778 2662 867 2709 illis
890 2663 1140 2710 effentialia
1161 2663 1213 2710 &
1235 2664 1461 2722 formalia,
1497 2681 1603 2729 quae
1625 2665 1938 2728 significantur
1966 2682 2051 2731 per
2074 2661 2314 2731 pulchram
2339 2665 2494 2711 forma

513 2725 563 2774 &
587 2727 823 2790 pulchram
855 2728 1051 2792 aspectu,
1087 2745 1190 2792 quae
1221 2730 1433 2787 Racheli,
1468 2747 1551 2794 per
1573 2747 1711 2793 quam
1743 2730 2006 2779 affectiones
2037 2731 2267 2778 interioris
2290 2729 2386 2775 veri
2422 2744 2492 2775 re-

511 2791 854 2857 praesentantur.
922 2794 1051 2850 Quid
1092 2807 1278 2842 externa
1316 2811 1424 2843 vera
1461 2795 1511 2842 ὅτ
1545 2795 1807 2844 affestiones
1841 2812 2021 2852 eorum,
2067 2795 2117 2842 ὅτ
2156 2793 2266 2858 quid
2308 2794 2491 2843 interna

511 2873 619 2907 vera
641 2856 693 2904 ὅτ
715 2873 875 2905 eorum
896 2857 1177 2916 affectiones,
1211 2859 1263 2906 &
1285 2861 1410 2923 quod
1441 2861 1532 2908 111ae
1562 2860 1648 2908 fint
1664 2861 1844 2908 >debiles
1868 2860 2011 2908 oculis
2037 2858 2304 2923 respective,
2340 2859 2391 2906 ὅτ
2415 2860 2490 2908 hae

511 2921 722 2990 pulchrae
744 2922 892 2970 forma
914 2921 965 2969 &
986 2922 1039 2970 as
1068 2925 1186 2981 eftu,
1221 2925 1273 2971 fit
1298 2941 1382 2988 pro
1403 2925 1638 2987 exemplo,
1675 2925 1754 2989 qui
1781 2926 1827 2972 in
1861 2925 2199 2973 externis‘veris
2232 2925 2348 2983 sunt,
2384 2941 2487 2974 mo-

1015 2941 1176 3045 AEiunt,
1208 2989 1319 3053 quod
1344 2989 1603 3052 pauperibus
1629 2989 1988 3054 benefaciendum,
2032 3007 2115 3054 nec
2147 2990 2291 3039 sciunt
2321 2990 2491 3040 discer-

511 3070 619 3110 nere
674 3055 826 3103 uinam
851 3069 952 3103 vere
985 3069 1204 3118 pauperes
1237 3055 1355 3113 sunt,
1388 3055 1543 3103 minus
1564 3055 1691 3119 quod
1723 3071 1808 3120 per
1842 3072 2061 3123 pauperes
2089 3056 2140 3104 in-
2164 3057 2324 3106 Verbo
2355 3057 2493 3118 intei-

510 3118 619 3170 lecti
638 3072 734 3170 lint
756 3119 822 3170 illi
845 3120 925 3186 qui
960 3119 1252 3186 spiritualiter
1279 3121 1393 3171 tales
1426 3120 1542 3179 sunt,
1579 3121 1688 3171 inde
1721 3138 1851 3188 aeque
1881 3122 2166 3173 benefaciant
2199 3123 2328 3174 malis
2351 3140 2489 3199 quarn

1301 3204 1330 3237 ἰ
2345 3204 2495 3249 votus,
