2904 3750
384 338 638 406 junffioni's
662 345 760 392 veri
785 344 835 391 &
859 342 985 400 boni,
1004 341 1095 390 'seu
1119 341 1176 387 de
1200 339 1314 388 statu
1344 351 1587 406 antequam
1611 338 1745 406 plene
1767 338 1893 387 unita
1916 352 1992 387 aut
2015 340 2255 407 conjunCta
2284 342 2402 394 sunt,

389 410 570 472 agitur3
608 412 666 458 de
687 427 784 474 quo
807 409 922 458 statu
954 424 1077 457 nunc
1109 406 1323 470 sequitur.

457 483 601 543 3539.
638 477 703 525 Et
726 477 876 524 induit
897 474 1129 537 Jacobum
1168 472 1319 521 filium
1357 472 1487 520 suum
1526 472 1770 528 minorem,
1805 472 1932 536 quod
1955 473 2179 538 fignificet
2200 476 2396 526 affiffio·

386 559 495 591 nem
520 544 612 590 veri
636 542 711 590 seu
736 544 880 589 vitam
899 541 1013 591 boni
1037 557 1094 588 ex
1118 556 1243 597 vero,
1280 539 1454 588 constat
1483 555 1542 587 ex
1579 537 1967 603 repraesentatione
1991 541 2233 599 Rebeccae,
2268 546 2399 606 quod

383 610 440 657 fit
462 609 695 656 Divinum
718 610 895 655 Verum
935 608 1098 655 Divini
1134 607 1420 664 Rational·is;
1457 622 1514 654 ex
1549 604 1941 670 repraesentatione
1964 607 2144 670 Jacobi,
2180 609 2306 673 quod
2345 611 2398 658 sit

382 676 612 724 Divinum
635 675 811 723 Verum
838 675 1001 723 Divini
1021 674 1287 732 Naturalis,
1322 675 1372 723 &
1396 691 1454 722 ex
1476 673 1806 739 significatione
1827 674 2031 732 induere,
2067 675 2195 738 quod
2233 677 2308 724 hic
2345 678 2398 725 fit

386 742 742 799 communicare,
779 758 831 790 ac
855 741 1281 807 imbuere‚·nempe
1302 758 1406 790 vera
1428 741 1555 800 boni,
1591 756 1700 805 quae
1731 757 1812 805 per
1832 741 1975 790 vestes
1998 741 2135 790 Esavi
2157 758 2187 790 n
2207 761 2218 791 :
2248 759 2396 808 3537,

382 808 708 872 fignificantur‚
742 809 805 857 ita
840 809 1127 858 affeffionem
1166 811 1263 856 veri
1302 808 1532 866 naturalis,
1566 823 1675 872 quae
1707 807 1781 856 hic
1805 807 1927 857 idem
1951 807 2014 857 est
2037 825 2145 857 cum
2170 811 2264 857 vita
2288 811 2397 858 boni

383 891 440 924 ex
462 891 589 925 vero.
661 876 923 939 Quomodo
961 876 1062 925 haec
1097 875 1392 940 intelligenda
1430 875 1549 931 sunt,
1585 874 1683 923 sciri
1718 874 1866 939 potest
1901 875 1958 924 ab
1990 875 2076 925 illis
2118 892 2228 940 quae
2266 875 2398 942 supra

381 958 438 991 n:
469 947 595 1007 3518
621 943 744 992 dieta
765 942 902 1000 sunt·,
937 942 1012 991 sed
1052 945 1160 1008 quia
1197 943 1300 991 talia
1335 942 1454 1000 sunt,
1488 957 1595 1007 quae
1619 941 1757 991 hodie
1780 943 2072 1007 ignotissima,
2107 943 2213 992 licet
2234 944 2394 992 eadem

377 1009 531 1070 adhuc
564 1011 620 1059 ad
661 1022 850 1076 captum
885 1009 1166 1072 aliquatenus
1182 1010 1460 1074 0explicare3
1497 1010 1649 1074 agitur
1687 1009 1733 1056 in
1772 1009 1859 1070 hoc
1890 1011 2050 1075 Capite
2089 1009 2146 1057 de
2166 1011 2395 1069 Domino,

375 1077 621 1141 quomodo
642 1078 740 1142 Ipse
762 1077 981 1126 Naturale
1014 1077 1146 1125 suum
1169 1077 1404 1125 Divinum
1429 1075 1571 1132 fecit;
1606 1076 1657 1123 δε
1689 1077 1734 1123 in
1767 1075 1891 1123 sensu
1935 1076 2296 1141 repraesentativo
2337 1078 2395 1125 de

380 1141 740 1208 Regeneratione
763 1144 963 1193 hominis
985 1143 1138 1208 quoad
1163 1141 1262 1207 ejus
1296 1143 1513 1212 naturale,
1547 1142 1758 1190 videatur
1780 1160 1808 1190 n
1830 1162 1840 1191 :
1871 1161 1999 1210 3490
2022 1166 2035 1199 3
2072 1160 2181 1191 cum
2205 1144 2394 1192 homine

381 1211 444 1258 ita
481 1209 524 1259 se
564 1210 708 1260 habet.
780 1211 1084 1276 Regeneratio
1122 1226 1208 1275 pro
1247 1209 1338 1256 fine
1376 1209 1525 1267 habet,
1562 1221 1614 1256 ut
1648 1208 1791 1257 homo
1827 1227 1975 1258 novus
2020 1211 2099 1258 fiat
2138 1211 2290 1274 quoad
2317 1212 2393 1259 In-

383 1288 563 1326 ternum
605 1277 738 1326 suum
777 1278 1033 1334 hominem,
1069 1278 1131 1324 ita
1165 1276 1317 1341 quoad
1356 1279 1555 1324 animam
1596 1274 1668 1323 seu
1710 1274 1953 1339 spiritum3
1997 1276 2071 1324 sed
2112 1293 2205 1325 non
2246 1277 2399 1325 noxius-

382 1344 479 1392 fieri
520 1345 594 1392 seu
634 1345 881 1409 regenerari
919 1343 1067 1408 potest
1106 1343 1251 1391 homo
1289 1343 1445 1407 quoad
1484 1342 1633 1399 illum,
1686 1342 1767 1390 nisi
1806 1360 1991 1407 quoque
2036 1344 2186 1407 quoad
2225 1345 2390 1392 Exter-

382 1427 534 1467 num;
570 1428 676 1473 nam
718 1411 890 1459 tametfi
927 1412 1072 1461 homo
1111 1409 1214 1474 post
1253 1422 1450 1458 mortem
1490 1409 1544 1456 fit
1580 1408 1773 1473 spiritus,
1810 1410 1948 1474 usque
1987 1409 2138 1457 secum
2177 1410 2308 1458 habet
2347 1412 2400 1458 in

381 1477 518 1526 altera
554 1480 648 1526 vita
686 1478 762 1526 illa
799 1494 907 1542 quae
945 1477 1047 1525 sunt
1076 1477 1269 1525 Externi
1302 1475 1367 1524 sui
1399 1476 1615 1533 hominis,
1660 1491 1826 1540 nempe
1860 1476 2115 1524 affeetiones
2154 1477 2394 1532 naturales,

314 1576 317 1581 -
380 1545 432 1592 &
470 1560 657 1608 quoque
695 1543 977 1600 doetrinalia,
1018 1542 1158 1590 etiam
1198 1542 1455 1599 scientifica,
1490 1543 1633 1590 verbo
1669 1544 1823 1589 omnia
1860 1559 1968 1606 quae
2007 1541 2108 1591 sunt
2155 1546 2397 1592 memoriae

381 1612 613 1659 exterioris
650 1609 724 1659 seu
757 1610 989 1667 naturalis,
1024 1609 1232 1656 videatur
1269 1625 1331 1656 n:
1361 1625 1490 1673 2475
1526 1607 1584 1656 ad
1615 1613 1741 1672 2483
1764 1631 1780 1664 ς
1818 1608 1917 1656 haec
1949 1612 2072 1656 enim
2108 1610 2211 1657 sunt
2243 1611 2397 1674 plana,

378 1677 428 1725 in
466 1677 633 1742 quibus
671 1677 974 1726 terminantur
1012 1675 1227 1724 interiora
1262 1672 1389 1739 ejus·,
1424 1673 1616 1739 qualiter
1651 1673 1802 1738 itaque
1835 1671 1911 1723 illd
1940 1675 2150 1741 disposita
2173 1677 2291 1734 sunt,
2326 1689 2395 1724 ta-

377 1743 482 1793 liter
517 1746 891 1802 interiora,‚cum
929 1743 1146 1801 influunt,
1180 1741 1316 1801 fiunt,
1352 1757 1460 1789 nam
1496 1740 1607 1788 inibi
1645 1741 1969 1791 modificantur
1987 1765 2004 1799 3
2050 1744 2214 1791 exinde
2253 1755 2392 1808 patet,

378 1811 509 1875 quod
545 1812 688 1865 homo
727 1824 821 1859 non
861 1810 1007 1860 modo
1046 1809 1378 1874 regenerandus
1414 1807 1469 1857 lit
1504 1807 1577 1857 seu
1617 1823 1766 1856 novus
1806 1808 1904 1857 fieri
1941 1809 2102 1861 debeat
2138 1811 2294 1875 quoad
2318 1811 2397 1858 In-

383 1891 567 1926 ternum
590 1877 828 1925 hominem
850 1877 927 1925 seu
950 1877 1232 1934 rationalem,
1268 1875 1343 1924 sed
1376 1877 1512 1924 etiam
1549 1875 1703 1940 quoad
1726 1874 1988 1940 Externum
2012 1877 2086 1926 seu
2110 1878 2358 1926 naturalem
2380 1899 2397 1933 ς

378 1945 430 1992 &
471 1943 555 1992 nisi
590 1943 695 2001 hoc,
732 1959 815 1991 nec
855 1941 973 1992 foret
1012 1943 1162 2007 aliqua
1198 1941 1609 2008 correspondenth,
1644 1943 1773 2007 quod
1797 1943 2206 2008 Correspondentia
2237 1945 2290 1992 fit
2326 1945 2396 1991 in-

377 2025 447 2060 ter
469 2010 705 2060 Internum
735 2009 972 2059 hominem
1009 2010 1061 2057 &
1096 2007 1233 2074 hujus
1266 2008 1525 2074 spiritualia,
1562 2025 1614 2057 ac
1637 2009 1896 2059 Externum
1931 2011 1982 2060 &
2005 2009 2138 2076 hujus
2162 2011 2392 2068 naturalia,

378 2080 588 2128 videatur
611 2094 641 2125 n
658 2095 680 2126 z·
699 2080 1015 2145 297112987.
1043 2080 1187 2142 2989.
1215 2092 1360 2143 2990.
1382 2084 1526 2140 3002.
1548 2091 1710 2140 3493:
1745 2077 1884 2126 status
1922 2079 2272 2143 regenerationis
2312 2079 2394 2126 ho-

379 2147 535 2202 minis,
571 2146 616 2192 in
656 2143 781 2192 sensu
822 2142 1189 2208 repraesentativo
1218 2143 1266 2190 in
1299 2141 1387 2190 hoc
1410 2141 1587 2207 Capite,
1620 2156 1706 2206 per
1726 2141 1928 2191 Esavum
1953 2148 2004 2195 &-
2027 2145 2275 2207 Jacobum,
2313 2145 2392 2192 de·

374 2211 582 2266 scribitur
601 2234 616 2268 ;
651 2212 700 2261 δε
725 2211 799 2260 hic
822 2212 1000 2275 primus
1021 2207 1120 2273 ejus
1140 2209 1284 2274 qualis
1299 2207 1381 2267 est,
1416 2215 1585 2274 nempe
1607 2223 1717 2256 cum
1741 2208 1885 2257 homo
1908 2224 2194 2274 regeneratur
2217 2211 2290 2259 seu
2313 2227 2392 2258 an·

377 2292 565 2344 tequam
583 2291 870 2344 regeneratus
893 2277 990 2334 est·,
1014 2276 1078 2325 est
1099 2278 1224 2325 enim
1243 2278 1280 2324 is
1297 2274 1434 2324 status
1449 2275 1581 2341 plane
1598 2273 1796 2323 inversus
1810 2275 2052 2340 refpee‘tive
2076 2277 2134 2324 ad'
2155 2277 2285 2324 illum
2306 2277 2391 2324 sta·

375 2359 498 2404 tum,
533 2347 580 2394 in
603 2361 699 2411 quo
720 2342 783 2393 est
805 2345 967 2402 homo,
1001 2359 1110 2392 cum
1134 2355 1420 2408 regeneratus
1441 2339 1538 2401 est;
1572 2343 1620 2391 in
1643 2341 1728 2391 illo
1752 2343 1877 2391 enim
1909 2342 2042 2402 statu,
2078 2359 2243 2407 nempe
2276 2359 2387 2390 cum
2423 2401 2437 2414 ,

376 2413 522 2462 homo
557 2424 864 2476 regeneratur,
911 2410 985 2459 seu
1026 2422 1268 2474 antequam
1307 2415 1591 2474 regeneratus
1630 2407 1713 2468 est,
1754 2420 1867 2458 tunc
1907 2409 2236 2467 intelleomalia,
2279 2424 2387 2474 quae

375 2480 479 2528 sunt
515 2483 629 2537 veri,
664 2491 927 2543 apparenter
962 2478 1132 2543 primas
1163 2483 1342 2542 agunt,
1376 2488 1421 2525 at
1444 2493 1554 2525 cum
1579 2486 1860 2540 regeneratus
1884 2475 1964 2534 est,
2000 2490 2111 2524 tunc
2132 2478 2393 2524 voluntaria.

374 2563 482 2612 quae
518 2545 621 2595 sunt
659 2546 803 2602 boni;
838 2544 965 2609 quod
1007 2543 1318 2593 intelleEtualia
1351 2559 1458 2608 quae
1491 2543 1594 2592 sunt
1628 2546 1739 2601 veri,
1776 2557 2039 2608 apparenter
2062 2545 2230 2607 primas
2252 2556 2388 2607 agant

375 2616 423 2662 in
449 2615 604 2678 primo
627 2611 758 2669 statu,
795 2610 1162 2676 repraesentatum
1193 2610 1257 2658 est
1280 2626 1359 2675 per
1378 2610 1624 2675 Jacobum,
1659 2611 1786 2675 quod
1812 2612 2223 2675 primogenituram
2249 2609 2384 2657 Esavi

374 2680 455 2729 fibi
477 2680 793 2736 vindicaverit,
828 2679 1038 2727 videatur
1061 2695 1124 2727 n:
1154 2695 1294 2743 3325.
1325 2678 1453 2742 3336
1470 2700 1485 2733 3
1521 2690 1624 2726 turn
1647 2678 1776 2742 quod
1798 2677 2179 2733 benedieiionem,
2216 2676 2272 2724 de
2294 2692 2390 2739 qua

375 2747 450 2796 hic
474 2749 658 2811 agitur;
681 2747 743 2795 ,ὅτ
768 2746 893 2811 quod
919 2744 1056 2793 status
1078 2745 1210 2810 plane
1235 2743 1434 2792 inversus
1459 2744 1529 2801 sit,
1564 2744 1905 2808 repraesentatur
1929 2761 2010 2809 per
2032 2745 2157 2809 quod
2184 2743 2384 2805 jacobus

373 2815 591 2862 mentitus*
610 2813 832 2871 Esavum,
866 2812 991 2878 quod
1031 2828 1201 2876 nempe
1229 2811 1426 2860 vestibus
1449 2810 1583 2860 Esavi
1606 2810 1811 2870 indutus,
1847 2814 1895 2859 δε
1918 2811 2043 2875 quod
2065 2811 2257 2876 pellibus
2284 2811 2382 2858 hee-

375 2879 540 2928 dorum
575 2896 842 2945 caprarum·,
879 2882 925 2927 in
949 2880 1036 2927 hoc
1060 2881 1184 2927 enim
1218 2878 1349 2937 statu,
1386 2879 1596 2927 rationale
1631 2895 1812 2935 verum,
1850 2878 2058 2926 nondum
2081 2879 2141 2925 ita
2165 2877 2380 2940 conjunc-

375 2957 475 2994 tum
509 2946 711 2995 rationali
747 2946 887 3002 bono,
919 2945 997 2994 seu
1035 2946 1163 3010 quod
1197 2947 1339 3003 idem,
1376 2946 1629 2994 intelle&us
1659 2962 1753 2994 non
1788 2947 1846 2992 ita
1872 2943 2140 3008 conjuneffls
2164 2961 2271 2991 cum
2297 2959 2379 2990 vo·

373 3011 561 3069 luntate,
596 3013 655 3060 fic
682 3014 830 3060 influit
852 3014 901 3061 &
929 3013 1024 3077 agit
1062 3015 1110 3060 in
1146 3013 1361 3070 naturale,
1397 3029 1448 3061 ac
1471 3029 1522 3060 ea
1543 3029 1650 3077 quae
1673 3012 1736 3060 ibi
1759 3012 1818 3059 fic
1840 3010 2009 3058 inverse
2033 3011 2254 3074 disponit:
2293 3009 2377 3055 hoc

372 3093 558 3140 quoque
579 3077 777 3126 constare
799 3079 945 3142 potest
969 3096 994 3126 a
1018 3079 1136 3143 pluri
1160 3081 1451 3144 experientia,
1486 3081 1715 3143 imprimis
1746 3094 1802 3125 ex
1835 3077 1926 3134 illa,
1962 3079 2088 3140 quod
2131 3078 2272 3123 homo
2309 3078 2375 3119 inae

374 3143 553 3203 tellectu
590 3146 722 3207 poffit
757 3147 1062 3212 appercipere,
1100 3144 1162 3195 ἃ
1202 3146 1402 3193 naturale
1443 3146 1549 3193 inde
1586 3145 1709 3202 scire,
1758 3145 1891 3208 plura
1919 3159 2026 3207 quae
2062 3144 2179 3190 bona
2204 3145 2250 3187 &
2277 3155 2379 3184 vera

372 3210 492 3269 sunt,
524 3209 602 3258 sed
628 3208 766 3273 usque
788 3210 997 3260 voluntas
1028 3211 1177 3260 adhuc
1211 3222 1305 3260 non
1341 3214 1477 3276 possit
1513 3211 1763 3261 secundum
1798 3210 1875 3258 illa
1907 3209 2084 3266 facere3
2123 3221 2172 3255 ut
2198 3221 2280 3269 pro
2305 3221 2379 3302 ¹c-x-

2190 3292 2205 3317 τ
2220 3288 2347 3334 ΠἺΡῺ
2372 3296 2385 3329 ·,

452 3345 473 3365 0
