2872 3730
500 262 638 310 120
811 333 813 336 ⁴
1007 196 1991 332 GENEst.

494 374 527 427 ,ἱ
531 392 560 425 n
584 380 790 444 corpore,
826 369 973 424 etiam
997 368 1312 443 arcanifflma,
1350 389 1455 442 quae
1479 371 1702 444 nusquam
1727 370 1796 426 ad
1815 373 2134 445 cognitionem
2163 372 2361 428 hominis
2376 383 2415 445 p
2434 369 2515 430 er-⁴

501 443 681 501 venire
696 443 878 518 poffient
897 471 914 509 3
951 444 1043 497 imo
1065 447 1221 500 omnia
1244 445 1506 518 &singula
1541 466 1647 519 quce
1671 447 1723 499 in
1739 447 1965 520 universo
1993 446 2175 513 mund0,
2215 446 2381 520 absque
2389 500 2392 503 Δ
2394 447 2514 519 fal-.-

516 519 663 583 lacia,
701 519 760 572 &
783 519 879 582 hoc,
918 518 1032 590 quia
1056 517 1166 591 inde
1190 519 1357 590 causae‚
1396 521 1454 574 ὅδ’
1480 518 1731 591 causarum
1744 521 2015 593 principia.
2531 540 2536 544 “

558 590 565 598 ’
599 590 760 664 2893.
799 592 1038 647 Similiter
1059 592 1118 664 se
1149 590 1288 648 habet
1310 613 1416 648 cum
1454 593 1561 647 illis-
1582 612 1688 667 jquae
1720 594 1773 646 in
1797 596 1959 666 Regno
1989 594 2249 666 vegetabili
2260 595 2398 668 sunt,
2438 594 2511 649 ibi
2522 624 2524 626 ·
2590 600 2593 603 ’

510 665 578 721 ,ηὲ
614 663 762 720 hilu'm
798 665 948 719 datur
986 665 1109 738 quod
1140 687 1228 720 non
1267 666 1457 740 aliquid
1488 667 1798 740 repraesentat
1821 669 1873 722 in
1896 670 2061 723 mundo
2068 669 2346 743 spirituali,
2384 670 2443 723 ἔθ’*
2467 669 2513 722 ei

515 739 855 814 correspondet,
890 740 1015 812 [quod
1032 739 1261 795 multoties
1273 741 1535 813 persimile
1557 742 1878 796 commercium
1918 762 2021 797 cum
2053 743 2233 814 angelis
2257 743 2395 815 scire
2419 742 2513 797 da·-

518 826 628 868 2tum
648 834 666 866 .·
705 813 857 885 causae
895 814 1040 867 etiam
1082 813 1206 868 mihi·
1244 815 1390 869 dietae
1414 814 1557 888 stent,
1595 815 1717 887 quod
1754 829 1910 889 nempe
1932 816 2102 890 causae
2126 817 2327 870 omnium
2350 815 2515 870 rerum

525 888 824 942 natunalium
846 888 953 958 stnt
995 907 1020 941 e
1043 887 1404 960 spiritualibus,
1442 890 1500 942 &³
1514 889 1769 961 principia
1804 889 2055 963 causarum
2077 910 2102 944 e
2124 889 2402 963 caelestibus,
2427 891 2517 962 seu

529 961 651 1035 quod
667 961 807 1025 idem,
844 961 965 1034 quod
984 963 1140 1015 omnia
1176 980 1286 1035 quae
1323 965 1376 1018 in
1407 963 1573 1017 mundo
1608 964 1829 1018 naturali
1855 965 1994 1037 sunt,
2031 964 2221 1036 catfizm
2262 963 2441 1018 ducant
2483 984 2519 1018 a

530 1037 654 1088 Wro
693 1033 814 1107 quod
848 1033 917 1105 rest
943 1035 1233 1106 spirituale,
1265 1038 1322 1091 &
1336 1038 1637 1109 principium
1670 1058 1705 1091 a
1728 1037 1839 1091 bono
1875 1037 1999 1111 quod
2015 1037 2076 1110 cst
2098 1037 2283 1108 mdeste,
2322 1037 2379 1091 δέ’
2402 1037 2526 1111 quod

526 1108 784 1162 naturalia
812 1108 1078 1178 procedant
1111 1109 1220 1161 inde
1241 1110 1501 1181 ficundum
1539 1129 1686 1166 omnes
1710 1111 2008 1182 dtffi’rentias
2033 1113 2146 1164 veri
2169 1113 2226 1165 &³
2252 1111 2376 1174 boni,
2412 1130 2519 1185 quae

529 1184 588 1235 in
611 1183 774 1254 Regno
797 1181 1019 1245 Domini,
1054 1180 1134 1233 ita
1171 1182 1234 1235 ab
1256 1183 1358 1255 1pr
1381 1183 1590 1236 Domino
1627 1202 1661 1235 a
1701 1186 1805 1253 Qo
1843 1203 1972 1237 omne
2006 1184 2174 1237 bonum
2216 1183 2277 1236 &
2314 1201 2484 1237 verum
2500 1204 2522 1236 .-

535 1256 637 1309 haec
659 1273 747 1308 non
762 1253 943 1327 poffunt
960 1272 1056 1308 non
1081 1266 1135 1307 ut
1149 1256 1418 1328 peregrina
1441 1256 1621 1319 videri,
1660 1255 1898 1328 imprimis
1933 1257 2047 1320 illis,
2084 1257 2169 1328 qui
2199 1257 2337 1308 ultra
2375 1268 2522 1310 natu-

534 1348 644 1381 ram
667 1329 947 1398 cogitatione
983 1329 1224 1400 ascendere
1247 1327 1410 1383 nolunt
1445 1330 1529 1383 vel
1560 1342 1824 1402 nequeunt3
1863 1330 1921 1384 &³
1963 1331 2048 1404 qui
2084 1349 2177 1385 nonv
2199 1328 2371 1402 sciunt
2407 1331 2530 1403 quid
2614 1383 2625 1389 e

517 1402 800 1475 spirituale,
829 1420 897 1455 ac
920 1401 1019 1455 ideo
1051 1421 1136 1474 nec
1159 1403 1428 1476 agnoscunt.
2144 1439 2147 1441 —
2410 1438 2412 1440 v

613 1475 774 1546 2894.
811 1477 978 1539 Homo,
1015 1479 1241 1549 quamdiu
1263 1478 1400 1530 vivit
1425 1479 1478 1531 in
1499 1490 1705 1551 corpore,
1744 1480 1889 1534 etiam
1918 1490 2100 1551 parum
2123 1477 2179 1531 de
2201 1496 2250 1531 eo
2252 1477 2442 1549 sentire
2465 1479 2533 1533 &⁷⁷

524 1549 774 1620 percipere
788 1548 947 1620 potest,
985 1554 1098 1602 nam
1121 1551 1319 1622 caelestia
1344 1552 1704 1622 &spiritualia
1728 1553 1860 1623 apud
1893 1572 1998 1604 eum
2034 1551 2213 1615 cadunt
2235 1551 2290 1603 in
2313 1553 2523 1606 natura-

530 1622 606 1674 lia
632 1642 736 1694 quae
759 1623 811 1675 in
833 1625 1057 1677 Externo.
1074 1624 1170 1693 ejus
1191 1623 1385 1687 homine,
1424 1625 1482 1676 ἔθ’
1522 1623 1596 1676 ibi
1632 1626 1819 1677 amittit
1855 1624 1935 1676 ille
1958 1624 2270 1696 fttzfationem
2311 1624 2369 1676 ἔθ’
2402 1636 2523 1696 per-

531 1696 787 1766 ceptionem
811 1695 1013 1748 illorum.
1089 1697 1506 1768 Repraesentativa
1530 1697 1587 1751 &³
1613 1697 2026 1770 Correspondentia
2066 1717 2171 1770 quae
2214 1696 2268 1749 in
2307 1699 2528 1753 Externa

535 1772 637 1839 :ejus
661 1768 855 1832 homine,
893 1770 1039 1822 etiam
1076 1771 1202 1823 talia
1231 1773 1362 1838 fient,
1400 1782 1455 1824 ut
1497 1788 1586 1824 non
1621 1782 1894 1843 appareant,
1907 1771 2096 1841 fimilia'
2132 1769 2246 1834 illis,
2283 1770 2449 1842 quibus
2472 1773 2529 1827 in

533 1846 732 1897 Interno
756 1842 934 1896 homine
957 1842 1322 1916 correspondent,
1361 1845 1419 1899 &³
1442 1863 1548 1918 quae
1570 1845 1913 1918 repraesentant
1926 1871 1945 1910 3
1980 1845 2082 1899 ideo
2105 1863 2187 1898 nec
2210 1843 2278 1897 ad
2298 1845 2527 1915 cognitio-

534 1936 643 1972 nem
679 1915 776 1986 ejus
804 1916 976 1973 >venire
987 1918 1187 1990 pofficnt,
1224 1929 1476 1991 antequam
1509 1920 1719 1973 externis
1756 1919 1854 1973 illis
1891 1931 2059 1972 exutus
2091 1918 2152 1989 est
2171 1938 2190 1970 .-
2229 1917 2391 1973 beatus
2413 1929 2530 1974 tunc

538 1992 623 2062 qui
665 1990 719 2042 in
756 1989 1154 2062 correspondentia
1199 1993 1276 2064 est,
1334 1993 1416 2046 hoc
1453 1993 1530 2065 cst,
1586 1993 1719 2065 cujus
1755 1995 2004 2048 Externus
2046 1992 2172 2048 homo
2214 1991 2531 2064 correspondet

538 2067 749 2122 Interno.
2495 2088 2498 2091 ’

624 2138 729 2208 289
736 2154 785 2208 5.
822 2139 1045 2192 Homines
1063 2140 1413 2214 Antiquiffi'mae
1433 2140 1668 2213 Ecclefiae,
1707 2141 1763 2195 de
1801 2141 1965 2216 quibus
2003 2162 2036 2197 n
2053 2160 2072 2194 .·
2107 2157 2128 2194 1
2147 2158 2166 2193 1
2185 2156 2248 2209 14
2273 2138 2343 2192 ad
2363 2148 2391 2194 '1
2409 2158 2427 2194 1
2440 2157 2469 2192 2
2478 2156 2528 2211 5,

538 2211 658 2285 quia
700 2213 755 2263 in
776 2212 986 2283 singulis
1026 2226 1220 2268 naturae
1260 2215 1451 2287 aliquid
1465 2215 1733 2288 spirituale
1755 2217 1813 2270 &²
1847 2215 2015 2287 caeleste
2053 2212 2298 2277 videbant,
2335 2212 2447 2266 adeo
2474 2226 2529 2268 ut

544 2284 799 2338 naturalia
830 2285 927 2339 illis
940 2286 1196 2357 servirent
1234 2289 1361 2343 modo
1390 2300 1483 2361 pro
1527 2289 1714 2359 objectis
1752 2289 2002 2362 cogitandi
2026 2287 2082 2342 de
2102 2286 2448 2359 spiritualibus
2471 2287 2530 2343 &

544 2357 811 2427 coelestibus,
847 2358 1026 2413 idcirco
1040 2363 1302 2432 potuerunt
1324 2381 1430 2417 cum
1449 2363 1651 2435 Angelis
1672 2362 1813 2435 loqui,
1854 2364 1912 2416 &²
1940 2381 2045 2419 cum
2069 2361 2166 2415 illis
2187 2359 2268 2433 ff'
2291 2359 2345 2413 in
2368 2361 2531 2432 Regno

547 2431 756 2486 Domini
777 2431 899 2506 quod
916 2433 970 2486 in
993 2434 1279 2507 coelisstmul
1295 2454 1401 2489 cum
1424 2437 1478 2490 in
1502 2436 1671 2509 Regno
1689 2437 1833 2510 Ipstus
1854 2437 1908 2489 in
1932 2447 2071 2488 terra
2077 2434 2170 2506 seu
2205 2436 2260 2486 in
2284 2434 2491 2506 Ecclesia
2508 2453 2528 2486 .-

545 2506 682 2575 apud
714 2506 814 2558 illos
835 2506 914 2575 sic
955 2507 1202 2574 conjuncta
1241 2521 1384 2562 erant
1424 2511 1678 2563 naturalia
1697 2508 2058 2580 spiritualibus,
2105 2507 2163 2558 &
2190 2505 2387 2576 prorsus
2424 2525 2531 2574 cor-

548 2578 892 2648 respondebant.
950 2581 1120 2633 Aliter
1157 2601 1271 2633 vero
1303 2581 1404 2652 post
1438 2583 1528 2635 illa
1566 2592 1792 2651 tempora,
1830 2600 1935 2632 cum
1958 2579 2132 2632 malum
2157 2579 2213 2630 ἅθ’
2221 2577 2421 2649 fillstcm-
2450 2580 2530 2634 in·
2568 2601 2576 2605 ‘

548 2651 675 2721 cepit
699 2669 918 2721 regnare,
939 2652 1031 2722 seu
1054 2671 1158 2706 cum
1186 2653 1287 2726 post
1318 2672 1516 2705 aureum
1530 2653 1778 2722 saeculum,
1800 2653 2029 2723 ferreum
2053 2643 2154 2704 irice
2184 2651 2245 2715 it,
2282 2662 2395 2704 tunc
2416 2652 2533 2724 quia

552 2742 643 2775 non
684 2724 885 2794 amplius
925 2726 1343 2796 correspondentia,
1380 2726 1690 2779 claudebatur
1712 2727 1893 2790 caelum,
1928 2726 2067 2798 >usque
2090 2745 2122 2777 a
2154 2738 2200 2776 eo
2225 2735 2279 2778 ut
2302 2725 2394 2776 vix
2395 2726 2533 2797 scire

552 2795 726 2848 vellent
748 2796 864 2868 quod
888 2797 1154 2867 Spirituale
1186 2799 1304 2874 effit,
1342 2799 1432 2856 imo
1456 2798 1643 2854 tandem
1666 2819 1750 2854 nec
1771 2797 1894 2872 quod
1905 2801 2068 2855 coelum
2093 2799 2150 2851 ἔθ’
2175 2797 2434 2869 infernum,
2474 2806 2533 2859 &³

554 2869 680 2943 quod*
695 2870 806 2922 vita
821 2871 921 2941 post
942 2883 1161 2927 mortem
1964 2876 1967 2878 “

635 2943 702 2996 28
709 2944 795 3014 96.
832 2944 1201 3013 Arcaniffimum
1233 2945 1288 2998 in
1329 2946 1495 3000 mundo
1533 2946 1609 3019 est,
1666 2958 1722 3000 at
1758 2948 1888 3004 nihil
1920 2947 2074 3001 notius
2105 2946 2158 2998 in
2201 2945 2359 3000 altera
2402 2947 2534 3014 vita,

554 3017 701 3070 etiam
725 3018 974 3089 unicuique
980 3019 1210 3089 spiritui,
1248 3021 1370 3092 quod
1380 3021 1542 3074 'omnia
1580 3042 1687 3094 quae
1714 3016 1778 3075 ‘in
1814 3034 2002 3094 corpore
2037 3021 2235 3073 humano
2272 3022 2535 3093 correspon-

551 3089 764 3146 dentiam
786 3090 988 3143 habeant
1011 3110 1116 3145 cum
1139 3091 1236 3145 illis
1260 3112 1364 3165 quae
1386 3094 1441 3146 in
1465 3095 1589 3160 coelo,
1627 3095 1762 3172 idque
1785 3095 1912 3160 adeo,
1952 3107 2007 3149 ut
2030 3114 2087 3147 ne
2128 3092 2310 3167 quidem
2334 3095 2534 3156 minima

547 3164 624 3228 ibi
659 3165 912 3236 particula
930 3166 1031 3240 fit,
1088 3166 1170 3225 cui
1209 3185 1297 3225 non
1312 3167 1579 3241 spirituale
1618 3172 1679 3226 ἒ
1723 3170 1892 3243 caeleste
1931 3167 2156 3245 quoddam
2172 3220 2184 3226 Δ,
2200 3168 2532 3241 correspondet,

2328 3266 2337 3270 -
2443 3241 2564 3314 stu*
