2904 3750
579 203 704 265 268
1079 203 2046 272 GENESIS.

571 353 725 386 amore
755 340 799 387 in
824 338 995 403 Ipsum,
1032 341 1197 391 idcirca
1219 343 1390 391 Tribus
1409 344 1530 392 Levi
1550 354 1729 408 accepta
1750 342 1813 391 est
1845 343 1948 392 loco
1982 342 2131 392 omnis
2154 343 2474 409 Primogeniti,
2508 349 2559 397 &r

572 403 659 452 hoc
681 422 736 453 ex
760 407 901 464 causa,
937 409 1043 472 quia
1066 409 1183 456 Levi
1209 410 1543 472 repraesentabat
1562 412 1821 458 Dominum
1853 411 2003 473 quoad
2035 427 2254 468 amorem,
2290 415 2423 459 etiam
2443 413 2562 463 Levi

570 470 793 542 significat
817 477 1037 530 amorem,
1073 476 1191 522 Levi
1226 478 1346 524 enim
1387 477 1451 524 est
1483 478 1676 525 adhaefio
1699 479 1746 524 δε
1770 475 2046 540 conjunctio,
2082 478 2130 524 &
2155 478 2349 524 adhaesio
2372 496 2420 526 ac
2453 496 2561 527 con-

560 539 744 601 June’tio
767 541 812 587 in
838 540 959 588 sensu
980 542 1156 588 interno
1179 542 1242 590 est
1275 559 1418 599 amor,
1454 545 1510 590 de
1534 559 1623 607 qua
1646 560 1709 601 re,
1744 560 1800 590 ex
1827 545 1994 590 Divina
2020 545 2208 591 Domini
2233 545 2560 603 Misericordia,

571 603 627 650 ad
647 605 775 668 Cap:
802 605 873 670 seq
896 625 906 655 ε
930 623 1075 655 xxnc:
1104 626 1164 671 34
1187 627 1197 656 :
1252 609 1309 655 de
1344 610 1521 657 Levitis
1558 611 1619 657 ita
1658 610 1778 673 apud
1808 609 1989 666 Mosen,
2027 615 2062 636 ‘⁶
2085 611 2331 673 Loquutus
2355 613 2562 672 Jehovah

570 668 628 716 ad
652 671 832 730 Mosen,
868 673 1080 730 dicendo,
1115 674 1224 737 Ego
1261 690 1365 721 ecce
1403 678 1607 737 accipiam
1630 678 1812 724 Levitas
1834 692 1857 722 e
1883 676 2036 723 medio
2058 677 2258 723 filiorum
2284 678 2448 724 Israelis
2472 679 2557 726 loco

568 739 698 784 omnis
722 739 1017 802 Primageniti‚
1052 751 1264 801 aperturae
1302 745 1431 798 uteri,
1466 742 1524 787 de
1559 742 1661 788 filiis
1702 742 1883 798 Israelis,
1936 743 1985 788 &
2028 754 2151 790 erunt
2187 744 2312 791 Mihi
2351 745 2555 801 Levitae3

567 805 672 864 quia
696 805 820 853 Mzhi
857 822 971 853 omne
994 807 1342 868 Primogenitum‚
1377 808 1422 854 in
1463 807 1536 854 die
1573 810 1760 871 percusti
1804 823 1942 855 omne
1982 810 2309 872 Primagenitum
2355 811 2399 855 in
2440 821 2554 858 terra

566 868 783 933 AEgypti,
806 870 1081 934 sanfiificavi
1100 873 1224 919 Mihi
1263 889 1376 921 omne
1404 876 1736 937 Primogenitum
1768 876 1814 921 in
1838 875 2006 937 [sraela
2041 875 2096 921 ab
2119 877 2303 922 homine
2326 875 2464 939 usque
2499 877 2557 924 ad

568 932 770 992 bestiam,
806 937 929 983 Mihi
960 939 1141 994 erunt,”
1175 939 1340 987 Num:
1370 954 1469 987 111:
1504 958 1575 988 11.
1602 957 1673 989 12.
1703 955 1790 1004 13:
1836 941 1958 1003 apud
1994 940 2228 995 Eundem,
2266 946 2299 968 “
2322 943 2454 988 Dixit
2477 943 2555 1002 Je-

563 999 713 1048 hovah
742 1002 797 1048 ad
824 1003 1004 1059 Mosen,
1041 1020 1226 1051 numera
1255 1021 1408 1052 omnem
1436 1007 1763 1067 Frimogenitum
1796 1006 2019 1069 masculum
2059 1006 2161 1053 filiis
2185 1005 2364 1063 Israelis,
2400 1024 2424 1054 a
2456 1009 2553 1055 filio

567 1067 725 1114 menfis
747 1070 796 1115 ὅτ
820 1067 964 1131 supra,
999 1070 1048 1116 ὃ(
1073 1071 1180 1116 tolle
1205 1086 1452 1118 numerum*
1472 1074 1712 1118 nominum
1736 1088 1911 1127 eorum,
1938 1075 1985 1119 δε
2009 1075 2193 1134 accipias
2210 1075 2392 1120 Levitas
2410 1075 2550 1131 Mihi,

562 1133 671 1195 Ego
694 1134 917 1195 Jehovah,
953 1135 1038 1182 loco
1076 1138 1206 1182 omnis
1239 1138 1518 1199 Primogeniti
1554 1141 1598 1183 in
1622 1137 1733 1196 filiis
1763 1139 1947 1199 Israelis,
1991 1139 2041 1184 &
2074 1138 2258 1185 bestiam
2283 1140 2552 1188 Levitarum

562 1199 647 1246 loco
686 1203 815 1247 omnis
843 1202 1125 1263 Primogem'ti
1163 1203 1208 1248 in
1243 1202 1377 1249 bestia
1412 1203 1611 1249 filiorum
1649 1203 1865 1258 Israelis,'’
1900 1203 2064 1261 Num:
2094 1219 2158 1249 111
2181 1221 2191 1251 :
2218 1219 2296 1263 40.
2323 1222 2402 1262 4¹·
2441 1205 2546 1269 seq:

563 1279 664 1312 tum
690 1267 814 1330 Cap:
841 1282 976 1314 vni:
1007 1285 1079 1326 14.
1107 1271 1176 1315 16.
1204 1284 1275 1332 17.
1304 1273 1391 1323 183
1427 1270 1476 1316 &
1500 1268 1625 1333 quod
1650 1269 1831 1315 Levitae
1852 1267 2181 1324 datiAharoni‚
2219 1269 2286 1316 ib:
2311 1269 2449 1317 Vers:
2477 1287 2553 1335 19,

492 1349 496 1352 ⁴
560 1333 667 1395 quia
688 1334 874 1380 Aharon
899 1332 1235 1396 repraesentabat
1251 1335 1511 1382 Dominum
1535 1334 1686 1398 quoad
1711 1334 2025 1390 sacerdotium,
2061 1334 2146 1381 hoc
2171 1334 2250 1391 est,
2286 1336 2439 1398 quoad
2463 1338 2549 1383 Di·

556 1400 722 1445 vinum
746 1401 999 1456 Amorem3
1040 1400 1165 1463 quod
1190 1401 1501 1449 Sacerdotium
1535 1400 1912 1465 repraesentaverit
1933 1402 2127 1448 Domini
2148 1402 2374 1448 Divinum
2399 1404 2550 1461 Amo-

558 1481 673 1522 rem,
707 1466 912 1513 videatur
934 1483 993 1514 n:
1026 1471 1163 1531 1728.
1192 1484 1318 1530 2015
1342 1465 1373 1514 f.
1443 1469 1516 1515 De
1555 1468 1879 1530 Primogenitis
1922 1479 2092 1523 autem,
2143 1483 2250 1530 quae
2294 1469 2550 1516 Dominum

555 1531 708 1594 quoad
738 1533 971 1580 Divinum
1016 1533 1301 1597 Spiritualem
1341 1536 1566 1582 Amorem
1607 1533 1992 1597 repraesentabant,
2038 1534 2088 1580 δε
2126 1549 2310 1597 quoque
2348 1535 2446 1581 illos
2485 1551 2552 1582 re·

556 1597 750 1660 spefflve
789 1600 867 1662 qui
901 1599 957 1646 ab
978 1598 1175 1646 Ecclesia
1203 1599 1432 1662 spirituali,
1468 1601 1532 1646 ita
1553 1601 1672 1663 apud
1696 1600 1957 1659 Jeremiam,
1996 1603 2029 1626 “
2055 1598 2107 1645 In
2132 1601 2239 1646 fletu
2262 1602 2463 1658 venient,
2496 1601 2548 1648 δε

555 1665 602 1710 in
634 1665 841 1727 precibus
880 1664 1103 1712 adducam
1136 1681 1230 1721 eos,
1264 1665 1428 1712 ducam
1468 1681 1544 1712 eos
1584 1666 1640 1711 ad
1676 1664 1823 1711 fontes
1859 1679 2092 1726 aquarum,
2113 1667 2175 1710 ⁴in
2198 1666 2272 1711 via
2294 1666 2417 1721 recti,
2453 1682 2546 1713 non

554 1731 811 1793 impingent
830 1732 875 1777 in
899 1730 990 1787 illa,
1025 1731 1075 1777 &
1098 1746 1176 1776 ero
1197 1729 1340 1777 Israeli
1364 1733 1410 1777 in
1428 1732 1625 1788 Patrem,
1650 1730 1705 1779 &²
1722 1730 1935 1792 Ephraim
1958 1731 2270 1791 Primogenitus
2294 1747 2404 1778 meus
2426 1732 2547 1788 ille,'’
2568 1755 2574 1759 -

554 1810 669 1843 xxxi
691 1815 702 1844 z
727 1815 755 1859 9
777 1818 790 1852 ;
827 1796 889 1842 ibi
914 1797 971 1843 de
997 1798 1132 1844 Nova
1154 1795 1351 1843 Ecclesia
1372 1795 1605 1860 spirituali,
1638 1795 1765 1844 Israel
1797 1810 1883 1859 pro
1913 1795 2035 1842 bono
2058 1794 2286 1858 spirituali,
2323 1797 2545 1860 Ephraim

552 1877 638 1926 pro
661 1878 769 1909 vero
790 1862 1019 1926 spirituali,
1056 1863 1135 1925 qui
1159 1863 1500 1927 Primogenitus
1537 1862 1720 1918 dicitur,
1755 1863 1860 1925 quia
1898 1862 2047 1923 agitur
2082 1861 2153 1907 de·
2178 1862 2376 1909 Ecclefia
2414 1863 2543 1925 plan-

550 1929 700 1985 tanda,
737 1930 783 1976 in
806 1944 896 1992 qua
918 1928 1209 1976 intellectuale
1232 1929 1358 1991 quod
1387 1929 1452 1976 est
1472 1929 1583 1985 veri,
1618 1927 1980 1991 primogenitum
2014 1925 2077 1972 est
2115 1939 2410 1989 apparenter;
2446 1927 2547 1975 suc-

550 1997 671 2042 ceffit
698 1996 820 2043 enim
846 1994 1066 2058 Ephraim
1105 1995 1210 2043 loco
1249 1995 1470 2051 Rubenis‚
1504 1995 1554 2041 ὅτ
1577 1993 1916 2056 Primogenitus
1939 1990 2099 2048 sabim,
2135 1993 2312 2039 Genes:
2338 2009 2503 2042 XLvm
2526 2013 2538 2043 ε

550 2079 594 2126 5.
623 2058 698 2111 20.
743 2080 761 2110 1
788 2061 970 2110 Chron:
996 2077 1058 2108 v:
1091 2079 1133 2118 1,
1167 2062 1217 2108 &
1241 2061 1344 2117 hoc,
1379 2062 1488 2123 quia
1510 2075 1589 2123 per
1601 2059 1875 2122 josephum,
1911 2056 2039 2122 eujus
2063 2057 2144 2105 filii
2171 2072 2296 2106 erant
2317 2060 2538 2123 Ephraim

548 2130 597 2176 ὅτ
623 2128 838 2184 Menafl‘e‚
874 2126 1267 2191 repraesentabatur
1289 2128 1520 2174 Dominus
1540 2126 1692 2189 quoad
1715 2126 1943 2173 Divinum
1968 2124 2255 2188 Spiritualem
2280 2127 2533 2176 Amorem:

546 2206 591 2241 at
627 2195 755 2257 quod
785 2191 911 2241 Israel
944 2193 1219 2240 essentialiter
1253 2193 1308 2240 fit
1330 2193 1688 2256 Primogenitus,
1723 2192 1809 2239 hoc
1832 2190 1911 2248 est,
1948 2190 2122 2237 bonum
2148 2190 2388 2254 spirituale,
2425 2209 2535 2240 con·

545 2260 629 2308 stat
651 2261 771 2324 apud
798 2258 977 2315 Mosen,
1014 2263 1048 2285 “
1070 2258 1274 2320 Jehovah
1314 2259 1435 2306 dixit
1470 2259 1526 2305 ad
1566 2258 1747 2314 Mosen,
1781 2257 1902 2304 dices
1926 2256 1984 2303 ad
2008 2257 2302 2314 Pharaonem,
2339 2257 2398 2305 sie
2422 2259 2540 2307 dixit

543 2327 768 2388 Jehovah,
788 2326 913 2384 filius
934 2327 1246 2387 Primogenitus
1267 2342 1380 2373 meus
1400 2325 1548 2388 Israel,
1585 2325 1634 2372 &
1655 2324 1762 2372 dico
1798 2324 1856 2370 ad
1895 2335 1955 2380 te,
2003 2325 2133 2370 mitte
2172 2323 2320 2371 filium
2362 2340 2535 2384 meum,

543 2406 596 2440 ut
618 2393 775 2441 serviat
798 2393 937 2449 Mihi,
973 2393 1022 2440 δε
1045 2391 1225 2439 renuisti
1249 2393 1426 2439 mittere
1445 2391 1595 2447 illurn,
1630 2406 1732 2438 ecce
1755 2390 1864 2453 Ego
1901 2389 2064 2437 occido
2097 2389 2244 2436 filium
2277 2395 2536 2453 tuumlpri-

543 2460 840 2522 magenitum‚'’
876 2458 1048 2506 Exod:
1079 2474 1160 2506 1v:
1187 2475 1262 2507 22.
1291 2474 1387 2527 23³
1423 2458 1503 2505 ubi
1533 2457 1661 2505 Israel
1703 2458 1750 2504 in
1789 2455 2000 2520 supremo
2039 2454 2162 2503 sensu
2207 2455 2273 2503 est
2309 2457 2537 2505 Dominus

543 2526 694 2588 quoad
718 2526 944 2572 Divinum
969 2525 1253 2588 Spiritualem
1277 2540 1495 2581 amorem,
1539 2525 1586 2571 in
1626 2522 1748 2570 sensu
1786 2534 1939 2570 autem
1978 2521 2224 2585 respeftivo
2263 2522 2327 2568 illi
2368 2524 2448 2584 qui
2487 2524 2535 2570 in

542 2591 755 2653 spirituali
790 2607 944 2638 amore
981 2590 1099 2646 sunt,
1135 2590 1222 2637 hoc
1245 2590 1324 2646 est,
1360 2592 1441 2653 qui
1465 2593 1510 2637 in
1535 2590 1745 2636 charitate
1766 2604 1875 2651 erga
1906 2589 2187 2650 proximum.
2256 2588 2310 2633 In
2335 2587 2535 2636 Ecclesia

543 2657 788 2719 Spirituali,
824 2658 870 2702 in
902 2656 1048 2711 initio,
1084 2656 1157 2701 seu
1190 2671 1298 2702 eum
1333 2655 1596 2717 plantanda,
1626 2654 1688 2700 est
1727 2653 1932 2699 doctrina
1978 2653 2070 2697 veri
2117 2651 2239 2713 apud
2279 2652 2531 2701 Externam

543 2722 790 2770 Ecclesiam
817 2721 1200 2783 Primogenitum,
1235 2722 1285 2767 &
1309 2720 1529 2766 doftrinae
1551 2734 1713 2765 verum
1735 2717 1855 2780 apud
1880 2718 2124 2772 Iuvernam,
2149 2715 2220 2763 seu
2244 2717 2372 2779 quod
2389 2717 2531 2777 idem,

543 2789 746 2836 doeirina
778 2787 883 2833 fidei
918 2786 1037 2849 apud
1061 2786 1328 2841 Externam‚
1364 2786 1413 2832 δε
1436 2784 1526 2848 ipsa
1551 2784 1663 2830 fides
1695 2782 1817 2845 apud
1842 2785 2065 2829 internam
2084 2802 2108 2836 ·,.
2135 2794 2180 2828 at
2203 2798 2310 2828 cum
2335 2783 2535 2832 Ecclesia

542 2855 735 2919 plantata
757 2853 836 2908 est,
873 2851 944 2898 seu
969 2852 1092 2914 apud
1114 2867 1229 2914 quos
1255 2850 1480 2898 a&ualiter
1502 2849 1581 2906 est,
1617 2848 1680 2896 est
1698 2849 1869 2896 bonum
1895 2847 2118 2894 charitatis
2142 2848 2264 2909 apud
2282 2848 2531 2899 Externam

541 2920 927 2982 Primogenitum,
962 2918 1012 2964 ὅτ
1051 2916 1142 2980 ipsa
1179 2917 1363 2963 charitas
1403 2915 1526 2979 apud
1548 2916 1810 2969 Internam;
1847 2929 1956 2962 cum
1981 2924 2130 2960 autern
2155 2913 2353 2960 Ecclesia
2374 2916 2415 2962 se
2440 2933 2533 2964 non

541 2987 732 3050 plantari
756 2986 940 3048 patitur,
975 2983 1100 3046 quod
1132 2982 1183 3030 fit
1214 2998 1322 3030 cum
1354 2982 1494 3029 homo
1515 2980 1728 3028 Ecclefiae
1758 2995 1850 3026 non
1879 2979 2076 3042 amplius
2099 2982 2345 3042 regenerari
2368 2983 2531 3044 potest,

541 3052 708 3100 recedit
729 3051 812 3104 illa,
836 3049 1068 3099 succeffive
1091 3065 1115 3096 a
1136 3049 1348 3096 charitate
1369 3049 1418 3095 &
1443 3047 1637 3094 deflectit
1660 3047 1724 3093 ad'
1739 3045 1898 3102 fidem,
1934 3061 1984 3092 ac
2021 3061 2112 3092 non
2148 3046 2345 3109 amplius
2382 3047 2532 3097 studet

542 3119 670 3175 vitae,
704 3116 778 3166 sed
800 3116 1034 3175 doctam,
1069 3116 1118 3165 δε
1142 3131 1249 3164 cum
1273 3115 1360 3163 hoc
1383 3114 1454 3172 fit,
1489 3117 1534 3162 in
1559 3111 1806 3161 umbrasse
1840 3109 2041 3177 conjicit,
2077 3112 2126 3160 δε
2151 3112 2314 3160 labitur
2346 3116 2391 3161 in
2427 3113 2533 3229 salgi
