2904 3750
594 229 939 292 CAPUT
992 226 1566 303 VIGESIMUM
1600 228 2163 300 SEPTIMUM.
2266 258 2395 322 393

402 368 585 416 mittam
624 367 933 429 &‘accipiam
973 376 1018 412 te
1056 363 1236 419 exinde,
1274 363 1495 425 fignificat
1529 377 1640 410 tunc
1673 362 1844 409 finem:
1882 379 2017 426 quare
2047 364 2242 413 orbabor
2270 364 2407 419 etiam

399 431 624 482 ambobus
648 433 779 480 vobis
800 433 881 484 die
899 447 1009 487 uno,
1043 430 1265 492 fignificat
1294 429 1421 491 quod
1454 430 1580 476 aliter
1613 445 1705 476 non
1729 426 2003 491 conjunffio.

473 501 615 565 3605.
653 499 775 548 Odit
798 497 919 544 Esau
936 496 1164 557 Jacobum
1196 507 1382 558 propter
1404 494 1782 551 benedictionem,
1818 511 1908 559 qua
1932 495 2162 544 benedixit
2195 499 2259 546 illi
2284 511 2409 563 pater

402 568 537 623 illius,
571 566 701 630 quod
740 563 962 626 significet
1000 562 1129 624 quod
1169 561 1345 607 bonum
1386 561 1583 608 naturale
1623 560 1895 608 aversaretur
1915 560 2288 625 'conjunctionem
2312 567 2407 612 veri

406 632 642 687 inversam,
678 629 850 678 constat
880 643 937 675 ex
960 628 1286 691 significatione
1306 628 1404 684 odi,
1439 629 1568 691 quod
1600 629 1647 674 in
1672 627 1794 674 sensu
1818 629 1992 676 interno
2018 629 2091 676 hic
2126 629 2179 676 fit
2210 631 2407 688 aversari,

405 702 463 748 de
484 714 576 762 qua
598 696 839 759 ,sequitui-3
881 710 938 742 ex
962 695 1351 757 repraesentatione
1373 693 1526 751 Esavi,
1562 695 1691 759 quod
1725 694 1779 742 fit
1810 694 1984 742 bonum
2011 696 2224 753 naturale,
2259 698 2309 744 ὅτ.
2333 699 2409 759 Ja-

407 766 511 815 cobi
543 763 670 828 quod
710 763 764 809 fit
788 763 950 809 verum
986 761 1198 818 naturale,
1236 762 1294 808 de
1329 761 1494 825 quibus
1536 762 1698 825 supra;
1736 762 1787 809 δε
1820 778 1877 809 ex
1914 761 2237 825 significatione
2278 763 2410 811 bene-

359 871 364 874 .
408 832 633 886 dictionis,
668 828 795 893 quod
834 829 887 876 sit
923 827 1201 892 conjunctiO,
1255 828 1313 875 de
1345 844 1436 892 qua
1471 826 1600 892 supra
1638 845 1698 876 n:
1727 845 1871 891 3504.
1910 846 2054 892 3514·
2094 846 2238 892 3530.
2265 832 2407 893 3565.

408 903 536 964 3584
558 919 573 954 ·,
612 897 686 943 hic
709 895 836 958 quod
859 895 912 942 fit
935 893 1197 958 conjunctio
1221 897 1316 942 veri
1342 893 1525 950 inversa,
1561 910 1669 958 quae
1693 911 1773 959 per
1795 895 2023 956 Jacobum
2058 895 2408 960 repraesentatur,

408 965 580 1013 constat
613 963 670 1010 ab
705 963 807 1019 illis,
843 977 950 1026 quae
976 964 1104 1024 supra
1140 978 1168 1008 n
1191 980 1202 1009 ε
1224 978 1369 1026 3539.
1397 965 1540 1024 3548.
1570 963 1713 1025 3556.
1744 962 1885 1026 3563.
1915 978 2059 1024 3570.
2088 963 2233 1027 3576.
2262 964 2407 1027 3603,

407 1032 528 1081 dicta
550 1031 600 1078 &
624 1028 794 1078 ostensa
818 1027 931 1076 sunt.
1004 1028 1151 1093 Qod
1175 1029 1252 1075 odi
1287 1030 1338 1074 in
1358 1026 1481 1076 sensu
1514 1029 1691 1075 interno
1725 1028 1778 1075 fit
1809 1027 2013 1086 aversari,
2049 1029 2129 1086 est,
2164 1030 2271 1093 quia
2291 1045 2410 1094 prae-

410 1099 585 1147 dicatur
606 1097 664 1144 de
686 1096 826 1152 bono,
862 1095 991 1160 quod
1022 1094 1359 1158 repraesentatur
1395 1111 1477 1160 per
1500 1094 1719 1151 Esavum,
1756 1095 1804 1142 &
1830 1094 2006 1142 bonum
2040 1111 2097 1142 ne
2118 1096 2308 1160 quidem
2331 1096 2411 1145 scit

410 1165 525 1229 quid
548 1164 729 1219 odium,
767 1178 872 1209 nam
896 1161 960 1210 est
988 1161 1167 1225 prorsus
1191 1161 1455 1225 oppositum
1478 1158 1592 1224 ejus,
1627 1161 1834 1225 opposita
1867 1161 2090 1225 nusquam
2120 1164 2167 1210 in
2191 1178 2287 1211 uno
2308 1161 2412 1210 sub-

395 1230 531 1296 rjeeto
563 1230 658 1277 dari
689 1228 903 1293 poffunt·,
941 1227 1014 1276 sed
1039 1227 1234 1284 bonum,
1270 1227 1343 1275 seu
1369 1227 1433 1275 illi
1467 1229 1549 1292 qui
1583 1229 1630 1275 in
1654 1228 1778 1275 bono
1801 1226 1919 1284 sunt,
1956 1228 2059 1276 loco
2090 1229 2186 1276 odii
2218 1228 2412 1294 speciem

413 1296 696 1346 aversationis
728 1294 925 1351 habent;
969 1294 1072 1342 inde
1094 1293 1175 1352 est,
1213 1295 1340 1358 quod
1371 1293 1535 1342 odium
1569 1294 1643 1342 hic
1677 1296 1725 1342 in
1750 1293 1874 1342 sensu
1898 1297 2074 1343 interno
2091 1295 2160 1344 ,fit
2192 1295 2411 1352 aversari3

408 1363 559 1412 sensus
596 1364 718 1410 enim
754 1363 955 1410 internus
991 1360 1057 1408 est
1079 1361 1386 1425 principaliter
1417 1377 1504 1424 pro
1526 1360 1613 1408 illis
1647 1362 1727 1425 qui
1761 1363 1808 1409 in
1833 1361 1957 1410 coelo
1978 1361 2096 1419 sunt,
2137 1378 2273 1426 quare
2303 1379 2411 1411 cum

412 1429 646 1479 descendit
679 1428 754 1477 ille
793 1427 898 1476 inde
933 1430 983 1476 ὅτ
1017 1428 1245 1476 derivatur
1284 1429 1331 1476 in
1369 1427 1544 1476 sensum
1584 1428 1818 1485 literalem,
1854 1440 1965 1477 tunc
1998 1429 2186 1493 quando
2209 1428 2416 1478 historica

417 1498 521 1546 talia
542 1496 660 1554 sunt,
696 1494 876 1543 affectio
913 1494 1194 1542 aversationis
1229 1495 1350 1543 cadit
1382 1496 1430 1542 in
1469 1497 1803 1558 expreffionem-
1815 1495 1929 1552 odii,
1965 1494 2038 1543 sed
2062 1509 2217 1544 tamen
2250 1497 2328 1553 ita,
2362 1508 2416 1543 ut

416 1565 521 1621 illis,
544 1565 626 1627 qui
650 1565 697 1610 in
720 1561 861 1619 coelo,
897 1561 995 1609 idea
1015 1561 1111 1608 odii
1135 1562 1258 1608 nulla
1281 1561 1383 1608 infit
1402 1583 1416 1616 ς
1459 1559 1501 1608 se
1526 1562 1658 1609 habet
1682 1562 1768 1608 hoc
1791 1561 1903 1608 ficut
1926 1561 2039 1609 illud
2063 1563 2191 1626 quod
2214 1563 2262 1610 in
2283 1563 2415 1610 Parte

419 1631 575 1679 Prima
607 1646 672 1677 n:
700 1632 841 1692 1875,
881 1627 939 1675 ab
973 1629 1249 1691 experientia
1281 1627 1472 1674 relatum
1495 1626 1579 1682 est,
1613 1627 1671 1674 de
1706 1627 1792 1674 illis
1825 1627 1973 1674 verbis
2007 1629 2053 1676 in
2078 1629 2294 1677 Oratione
2316 1629 2416 1676 Do-

419 1697 552 1753 mini,
590 1701 623 1722 “
648 1694 720 1744 Ne
741 1694 915 1741 inducas
946 1710 1018 1740 nos
1051 1696 1097 1740 in
1130 1695 1420 1758 tentationem,
1450 1694 1532 1756 fied
1555 1692 1691 1741 libera
1715 1709 1787 1740 nos
1807 1710 1837 1740 a
1858 1694 2018 1751 malo,”
2053 1695 2182 1759 quod
2218 1693 2417 1760 rejicere-

402 1777 498 1821 ‚tur
520 1764 707 1810 tentatio
730 1761 780 1808 δι’
805 1759 996 1818 malum,
1030 1776 1087 1807 eo
1110 1760 1251 1824 usque
1283 1760 1398 1807 dum
1429 1756 1543 1823 pure
1566 1759 1868 1824 Angelicum,
1909 1776 2075 1825 nempe
2098 1761 2291 1818 bonum,
2325 1761 2419 1808 abs-

419 1846 511 1894 que
545 1829 646 1876 idea
678 1828 1006 1890 tentationis&
1030 1827 1138 1875 mali
1160 1839 1426 1883 remaneret,
1460 1827 1510 1875 &
1534 1826 1623 1874 hoc
1655 1843 1763 1875 cum
1796 1825 2007 1892 adjunsta
2038 1827 2180 1892 specie
2213 1829 2423 1892 indigna·

421 1896 558 1944 tionis
582 1897 631 1942 ὅτ
652 1893 967 1950 aversationis,
1002 1894 1128 1957 quod
1163 1894 1463 1958 cogitandum
1496 1893 1554 1941 de
1576 1894 1698 1942 malo
1720 1910 1830 1942 cum
1854 1893 1912 1941 de
1935 1895 2143 1943 Domino
2164 1914 2175 1943 :
2222 1895 2423 1943 similiter

425 1961 468 2010 se
491 1961 641 2017 habet,
676 1975 784 2006 curn
808 1960 865 2006 de
889 1960 1093 2020 Jehovah
1126 1958 1200 2007 seu
1223 1961 1431 2008 Domino
1461 1960 1632 2024 legitur
1670 1962 1716 2008 in
1740 1960 1914 2018 Verbo,
1947 1962 2076 2025 quod
2108 1963 2219 2010 odio
2250 1961 2424 2019 habeat,

426 2040 480 2076 ut
513 2027 638 2091 apud
660 2025 934 2081 Sachariam,
970 2031 1005 2052 ‘⁶
1026 2026 1113 2072 Vir
1137 2026 1311 2073 malum
1344 2026 1451 2074 socii
1483 2026 1549 2073 sui
1583 2043 1639 2074 ne
1662 2028 1859 2091 cogitate
1888 2029 1935 2074 in
1972 2027 2108 2087 corde
2132 2028 2297 2086 vestro,
2341 2044 2424 2076 nec

418 2094 733 2160 juramentum
757 2092 987 2139 mendacii.
1003 2103 1163 2148 amate,
1198 2094 1298 2156 quia
1322 2095 1460 2140 omnia
1482 2092 1560 2139 illa
1591 2093 1675 2150 odi,
1700 2094 1878 2142 dietum
1901 2094 2145 2155 Jehovae,”
2168 2111 2273 2142 V111
2295 2113 2306 2144 :
2334 2111 2388 2159 17
2411 2114 2423 2143 :

426 2161 550 2225 apud
590 2157 774 2215 Mosen,
830 2164 863 2186 “
888 2158 1000 2205 Non
1038 2160 1181 2222 eriges
1219 2157 1303 2205 tibi
1343 2157 1551 2214 statuam,
1591 2174 1716 2222 quam
1755 2160 1844 2206 odit
1875 2161 2082 2223 Jehovah
2122 2164 2236 2210 Deus
2278 2163 2426 2218 tuus,'’

428 2229 557 2277 Deut
580 2245 591 2275 :
611 2241 698 2273 xvr
721 2244 733 2274 ε
755 2242 844 2274 22:
895 2224 1019 2289 apud
1043 2225 1308 2286 jeremiam,
1347 2229 1381 2251 “
1406 2224 1541 2271 Facta
1562 2223 1627 2270 est
1661 2224 1774 2271 mihi
1807 2226 2043 2275 haereditas
2077 2244 2178 2276 mea
2209 2228 2324 2275 ficut
2356 2228 2428 2275 leo

431 2296 478 2342 in
503 2292 644 2356 sylva,
679 2291 824 2345 edidit
858 2304 1014 2339 contra
1035 2291 1122 2339 Me
1144 2307 1308 2339 vocem
1334 2290 1474 2348 suam,
1511 2290 1602 2338 ideo
1636 2291 1706 2339 odi
1736 2292 1877 2348 eam,'’
1916 2298 2109 2354 x11:,8:
2157 2294 2279 2357 apud
2302 2293 2438 2342 Hos·'

431 2360 608 2415 cheam,
645 2363 680 2385 “
704 2359 759 2405 In
779 2357 974 2422 GilgaleD
993 2357 1072 2405 odi>
1094 2374 1175 2414 eos,
1209 2370 1396 2421 propter
1419 2356 1636 2404 malitiam
1660 2373 1854 2421 operum
1875 2374 2035 2406 eorum
2059 2360 2282 2423 expellam
2305 2376 2381 2407 eos
2403 2376 2428 2407 e

430 2425 577 2474 domo
598 2440 714 2480 mea,
750 2440 843 2471 non
876 2424 1043 2471 addam
1075 2439 1224 2471 amare
1260 2425 1387 2480 eos,''
1431 2439 1638 2486 lxz153
1680 2424 1743 2471 ibi
1782 2424 1963 2481 odium,
2003 2426 2129 2488 quod
2154 2426 2431 2489 praedicatur

431 2492 491 2540 de
513 2490 722 2553 Jehovah
761 2489 835 2537 seu
872 2491 1097 2546 Domino,
1133 2490 1180 2536 in
1220 2488 1343 2537 sensu
1381 2490 1560 2547 interno
1593 2506 1685 2537 non
1717 2489 1781 2537 est
1819 2491 2001 2548 odium,
2035 2490 2109 2538 sed
2148 2491 2212 2539 est
2250 2490 2429 2540 Miser-i·

430 2559 604 2615 cordia,
639 2572 743 2604 narn
770 2557 997 2603 Divinum
1029 2555 1094 2603 est
1117 2554 1444 2613 Misericordia,
1481 2553 1554 2604 sed
1589 2572 1698 2604 cum
1734 2556 1834 2604 haec
1869 2557 1990 2621 apud
2015 2558 2249 2606 hominem
2273 2559 2353 2622 qui
2385 2560 2430 2608 in

433 2624 558 2678 malo
580 2622 661 2680 est,
697 2623 858 2680 influit,
894 2624 944 2670 δε
970 2624 1006 2669 is
1030 2623 1218 2670 incurrit
1241 2624 1287 2670 in
1308 2638 1499 2686 poenam
1523 2623 1647 2680 mali,
1682 2636 1793 2670 tunc
1816 2636 1997 2687 apparet
2030 2624 2143 2672 ficut
2166 2625 2346 2682 odium,
2381 2627 2432 2673 &

429 2692 541 2755 quia
575 2692 637 2738 ita
669 2702 867 2753 apparet,
909 2690 955 2736 in
995 2687 1118 2736 sensu
1158 2688 1299 2736 literae
1331 2691 1467 2737 etiam
1510 2691 1571 2736 ita
1607 2689 1806 2744 dicitur·‚
1852 2691 1938 2738 hoc
1979 2690 2179 2738 similiter
2213 2691 2252 2738 se
2286 2691 2431 2749 habet,

434 2759 547 2816 ficut
571 2756 699 2821 quod
733 2757 780 2802 in
802 2755 958 2804 Verbo
980 2755 1252 2820 praedicetur
1276 2755 1333 2802 de
1354 2755 1559 2818 Jehovah
1586 2755 1657 2803 seu
1680 2757 1907 2812 Domino,
1940 2758 2021 2814 ira,
2056 2757 2433 2815 excandescentia,

435 2823 580 2880 furor,
603 2824 660 2871 de
682 2822 847 2886 quibus
882 2839 943 2871 n:
966 2839 1077 2884 245.
1115 2839 1225 2887 592.
1253 2823 1364 2886 696.
1407 2839 1546 2887 1093.
1592 2823 1733 2886 1683.
1766 2827 1904 2887 1874.
1932 2840 2074 2888 2395.
2101 2841 2245 2883 2447.
2275 2843 2432 2888 32353

435 2890 633 2953 populus
655 2889 872 2950 Judaicus
894 2889 943 2940 &
969 2888 1244 2944 Israeliticus,
1282 2905 1378 2952 prae
1410 2889 1506 2936 aliis
1535 2890 1717 2953 populis
1750 2889 1847 2937 talis
1867 2888 1970 2946 fuit,
2006 2890 2131 2952 quod
2157 2904 2206 2938 ut
2232 2894 2436 2955 primum

426 2954 623 3019 'aliquod
657 2955 897 3004 inimicum
922 2957 1056 3003 etiam
1091 2956 1212 3018 apud
1238 2953 1791 3019 sociosanimadverteret,
1818 2957 2016 3003 crederet
2039 2956 2119 3003 libi
2143 2955 2205 3005 fas
2229 2957 2311 3004 effe
2335 2975 2424 3005 cru-

441 3020 601 3067 deliter
637 3021 739 3069 illos
771 3023 975 3078 tractare,
1011 3023 1061 3068 &
1092 3037 1184 3068 non
1209 3021 1354 3068 modo
1383 3021 1485 3069 illos
1513 3022 1735 3077 occidere,
1777 3022 1850 3070 sed
1887 3025 2023 3070 etiam
2059 3021 2163 3069 feris
2195 3025 2244 3071 δι
2279 3024 2438 3073 avibus

440 3101 681 3149 exponere,
715 3088 766 3135 &
799 3088 857 3136 fic
882 3089 988 3154 quia
1011 3086 1322 3136 Misericordia
1349 3089 1539 3136 Domini
1573 3089 1763 3136 influens
1802 3090 1848 3136 in
1883 3088 1968 3136 tale
2002 3089 2162 3136 odium
2199 3090 2319 3153 apud
2344 3105 2435 3145 εοε,

443 3167 536 3198 non
560 3150 705 3198 solum
729 3166 884 3200 contra
907 3154 1068 3212 hostes,
1109 3153 1183 3201 sed
1206 3157 1343 3202 etiam
1368 3167 1526 3202 contra
1548 3152 1707 3211 sociOS,
1742 3168 1794 3201 ut
1819 3156 2012 3209 dictum,
2038 3168 2298 3210 verteretur,
2333 3155 2439 3201 ideo

445 3232 539 3265 non
573 3216 697 3265 aliter
718 3230 963 3281 potuerunt
994 3218 1190 3277 credere,
1223 3235 1363 3284 quam
1388 3220 1745 3334 qugdeehovah
1766 3221 1901 3268 etiam
1926 3220 2034 3268 odio
2058 3220 2247 3276 haberet,
2287 3220 2437 3267 irasce.

1376 3287 1423 3334 D
1942 3295 1944 3297 ’
2307 3301 2424 3334 retur
