2872 3730
535 250 886 318 CAPUT
937 246 1500 312 VIGESIMUM
1549 248 2090 337 QUARTUM.
2231 279 2360 344 177

358 388 587 438 Divinum
611 390 796 438 Bonum
829 397 940 435 cum
958 383 1138 432 Divino
1158 383 1302 441 Vere,
1337 397 1384 433 at
1418 396 1578 433 utrum
1610 399 1668 432 ue
1704 384 1839 433 simul
1878 386 2047 435 dicitur
2079 387 2264 437 Bonum
2310 391 2358 438 in

359 455 607 513 Rationali,
642 456 720 503 cui
757 450 1108 516 conjungeretur
1128 450 1304 497 Verum
1345 466 1403 498 ex
1441 463 1548 498 natu
1613 452 1629 498 i
1667 450 1870 509 homine,
1922 453 2050 516 quod
2081 454 2256 503 Verum
2292 456 2357 503 est

359 523 603 577 Rebecca;
637 529 692 567 ut
712 519 945 567 Dominus
967 517 1248 564 Humanum
1285 514 1420 565 suum
1457 515 1621 573 faceret
1658 518 1906 575 Divinum,
1941 531 2036 565 tam
2074 522 2225 582 quoad
2264 523 2357 570 Bo·

361 604 475 637 num
514 601 656 651 quam
685 582 838 648 quoad
861 583 1056 640 Verum,
1090 582 1141 631 δε
1165 582 1254 631 hoc
1289 598 1371 646 per
1409 584 1532 631 viam
1572 583 1860 641 ordinariam,
1895 597 1949 631 ut
1970 583 2100 647 supra
2123 602 2181 633 n:
2211 592 2356 654 3138,

360 655 557 709 dietum,
593 665 686 700 non
716 649 843 697 aliter
873 649 972 697 fieri
1035 649 1154 697 otuit
1169 672 1186 706 3
1220 664 1328 697 nam
1352 648 1427 698 ille
1450 649 1515 697 est
1546 650 1663 698 ordo
1683 651 1900 708 Divinus,
1934 649 2184 698 secundum
2218 668 2357 715 quem

358 719 510 769 omnis
546 717 842 780 regeneratio,
888 717 951 764 ita
1005 716 1237 764 ecundum
1273 731 1413 780 quem
1448 717 1642 764 Domini
1677 717 1967 781 glorificatio,
2018 734 2079 766 n:
2108 722 2232 782 3138
2260 719 2354 766 fin:

358 785 588 835 Divinum
627 781 742 830 illud
772 783 958 830 Bonum
988 798 1070 847 per
1091 783 1318 831 Divinum
1343 783 1520 830 Verum
1554 784 1601 831 in
1624 783 1869 840 Rationali,
1904 795 2012 840 erat,
2046 784 2175 848 quod
2200 785 2357 832 influe·

360 851 438 900 bat
470 851 519 898 in
557 848 806 898 naturalem
845 848 1100 906 hominem,
1136 865 1188 897 ac
1217 849 1372 896 omnia
1404 848 1466 896 ibi
1503 849 1783 905 illustrabam
1820 849 1912 914 ipse
1934 844 2159 914 proceffiis
2184 850 2255 899 hic
2280 851 2357 899 de-

359 916 582 973 scribitur,
615 915 744 979 quod
768 931 935 979 nempe
963 916 1170 979 primum
1193 915 1426 963 influxerit
1454 914 1736 979 aliquantum
1772 918 2008 973 remotius,
2042 916 2170 980 quod
2194 917 2268 964 hic
2293 920 2361 965 in-

361 983 585 1048 telligitur
616 998 698 1047 per
728 981 994 1046 aliquantum
1025 982 1136 1038 inde,
1170 981 1222 1029 ὅτ
1245 981 1374 1045 quod
1406 997 1500 1029 non
1538 982 1799 1046 praesentius
1823 983 1962 1030 vellet
1983 995 2085 1030 ante
2107 982 2363 1031 instruetio-

362 1065 507 1106 nem3
542 1050 618 1096 via
638 1049 762 1096 enim
797 1047 1019 1096 ordinaria
1039 1047 1124 1105 est,
1154 1047 1282 1111 quod
1314 1047 1548 1096 instruCtio
1579 1050 1832 1113 praecedere
1865 1048 2040 1106 debeat,
2077 1050 2126 1097 δε
2149 1050 2278 1112 quod
2301 1049 2365 1097 se-

363 1115 571 1165 cundum
606 1113 777 1178 gradus
799 1113 1102 1162 instruetionis
1125 1114 1204 1162 fiat
1228 1114 1442 1171 influxus,
1477 1130 1528 1161 ac
1551 1115 1611 1162 fic
1635 1117 1849 1163 continue
1873 1115 1978 1162 inde
2003 1131 2163 1162 verum
2186 1115 2362 1173 existat,

364 1181 496 1247 quod
518 1182 734 1237 initiatur,
769 1181 819 1228 &
855 1180 959 1227 dein
999 1179 1294 1243 conjungitur
1333 1180 1456 1228 bono
1493 1181 1732 1229 rationalis.
1802 1182 1880 1229 Ex
1918 1181 1986 1228 his
2016 1181 2162 1229 videri
2201 1183 2366 1247 potest,

364 1247 515 1311 qualia
536 1262 690 1294 arcana
712 1248 1000 1293 continentur
1023 1247 1069 1293 in
1092 1245 1215 1294 sensu
1239 1247 1416 1294 interno
1437 1246 1597 1304 Verbi,
1631 1248 1682 1295 ὅτ.
1705 1248 1829 1311 quod
1856 1247 1931 1294 illa
1953 1263 2108 1296 arcana
2136 1249 2240 1296 talia
2261 1249 2365 1309 fint,

366 1325 422 1361 ut
443 1315 525 1360 vix
559 1312 710 1377 quoad
751 1312 1116 1359 communiffima
1151 1313 1384 1375 capiantur
1420 1312 1477 1360 ab
1510 1313 1711 1371 homine,
1748 1317 1797 1361 ὅτ
1830 1326 1983 1362 tamen
2022 1313 2148 1378 quod
2174 1314 2368 1378 Angelis

367 1379 594 1428 evidentia
634 1372 736 1436 fint,
783 1394 873 1426 una
911 1394 1021 1426 cum
1067 1378 1467 1426 innumerabilibus
1482 1414 1497 1436 ,
1547 1396 1655 1444 quae
1696 1382 1916 1446 nusquam
1960 1381 2109 1428 verbis
2148 1383 2368 1429 enuntiari

435 1446 565 1493 ffunt.
1256 1488 1262 1493 .
2211 1456 2214 1458 ’

368 1461 584 1575 po3142.
620 1511 686 1558 Et
707 1526 797 1573 ego
820 1511 939 1558 verri
961 1510 1177 1567 domum,
1211 1511 1339 1575 quod
1378 1511 1600 1575 significet
1637 1514 1805 1560 omnia*
1831 1525 1981 1577 parata
2004 1514 2053 1561 &
2079 1513 2209 1578 plena
2238 1512 2371 1562 bonis

370 1578 472 1633 effe,
507 1575 678 1625 constat
701 1592 726 1622 a
747 1575 1070 1638 significatione
1092 1591 1283 1633 verrere,
1318 1578 1444 1640 quod
1477 1577 1531 1624 fit
1553 1593 1705 1641 parare
1729 1581 1776 1626 &
1803 1579 1998 1642 impleri,
2034 1580 2091 1627 de
2113 1596 2203 1644 qua
2226 1595 2338 1627 mox
2355 1601 2372 1635 ς

371 1644 422 1692 &
451 1658 510 1690 ex
538 1641 862 1705 significatione
902 1643 1087 1697 domuS,
1122 1642 1253 1705 quod
1285 1642 1336 1690 fit
1369 1643 1562 1699 bonum,
1597 1643 1655 1691 de
1676 1659 1767 1707 qua
1790 1660 1848 1692 n:
1877 1661 2020 1708 2233.
2047 1662 2190 1709 ²²34·
2220 1662 2369 1710 2559,

371 1710 423 1757 ὅτ
445 1707 573 1771 quod
595 1706 684 1771 ipse
707 1707 868 1765 hom0,
903 1723 960 1755 ex
994 1708 1116 1756 bono
1157 1707 1286 1772 quod
1327 1709 1373 1755 in
1409 1708 1506 1766 illo,
1542 1709 1720 1758 dicatur
1742 1709 1928 1767 domus,
1964 1728 2024 1759 n:
2053 1716 2207 1774 3128:
2244 1711 2374 1775 quod

370 1789 544 1823 verrere
567 1774 621 1822 s1t
644 1790 795 1838 parare
815 1774 865 1822 δε
885 1774 1082 1838 impleri,
1117 1773 1225 1822 inde
1248 1774 1328 1830 est,
1364 1775 1474 1839 quia
1512 1775 1624 1823 nihil
1663 1776 1787 1823 aliud
1823 1775 1879 1824 ab
1903 1777 2090 1825 homine
2113 1778 2373 1842 requiritur,

371 1857 514 1906 quam
535 1853 588 1888 ut
611 1853 759 1897 verrat
782 1839 998 1897 domum,
1032 1841 1120 1889 hoc
1144 1840 1224 1898 est,
1260 1839 1427 1904 rejiciat
1457 1842 1727 1907 cupiditates
1751 1843 1859 1891 mali
1880 1844 1930 1891 δε
1954 1843 2250 1908 persuasiones
2281 1842 2375 1892 falsi

374 1907 495 1962 inde,
532 1918 642 1954 tunc
681 1905 898 1970 impletur
930 1906 1004 1953 ille
1039 1906 1187 1964 bonis,
1223 1924 1329 1955 nam
1353 1907 1529 1956 bonum
1551 1926 1578 1957 a
1601 1910 1810 1958 Domino
1843 1913 2059 1958 continue
2099 1911 2264 1967 influit,
2301 1910 2376 1959 sed

375 1975 424 2021 in
449 1973 665 2029 domum,
699 1971 773 2020 seu
813 1973 859 2020 in
895 1972 1130 2025 hominem
1165 1986 1417 2038 purgatum
1441 1991 1466 2023 a
1496 1975 1659 2024 talibus
1697 1992 1806 2040 quae
1842 1977 2069 2024 influxum
2100 1977 2376 2041 impediunt,

371 2040 461 2088 hoc
483 2038 562 2096 est,
598 2039 704 2102 quae
738 2038 914 2086 bonum
950 2039 1144 2086 influum
1178 2041 1431 2098 refletstunt,
1466 2042 1540 2090 vel
1570 2055 1850 2107 pervertunt,
1886 2044 1958 2091 vel
1984 2043 2237 2100 suffocant;
2273 2043 2379 2091 inde

374 2105 574 2154 formula
613 2106 808 2168 antiquis
847 2102 951 2158 fuit,
1002 2122 1177 2154 verrere
1210 2106 1284 2154 seu
1317 2123 1511 2172 purgare
1541 2109 1757 2168 domum,
1793 2121 1896 2158 tum
1938 2126 2110 2158 verrere
2139 2111 2189 2158 ὅτ
2226 2126 2377 2175 parare

374 2173 531 2228 viam·,
567 2172 617 2218 δε
641 2187 721 2234 per
745 2186 917 2218 verrere
955 2171 1154 2225 domum
1193 2173 1472 2222 intelledtum
1505 2174 1569 2221 est
1604 2175 1646 2222 se
1683 2192 1876 2240 purgare
1910 2192 1934 2224 a
1972 2177 2117 2234 malis,
2165 2177 2215 2224 δε
2246 2177 2306 2224 fic
2335 2176 2378 2224 se

373 2253 608 2301 preparare
644 2250 696 2285 ut
732 2237 852 2285 bona
891 2239 1093 2294 intrent,
1129 2251 1174 2286 at
1197 2255 1277 2303 per
1298 2255 1484 2294 verrere.
1503 2243 1628 2289 viam
1664 2243 1942 2290 intellectum
1972 2243 2036 2290 est
2065 2242 2107 2290 se
2143 2259 2295 2306 parare
2326 2255 2379 2290 ut

376 2319 482 2350 vera
517 2304 822 2365 recipiantur·‚
860 2320 964 2350 nam
1004 2321 1085 2367 per
1121 2305 1319 2353 domum
1358 2307 1663 2370 significatum
1702 2307 1791 2365 fuit
1828 2309 2022 2364 bonum,
2059 2325 2118 2357 n:
2147 2313 2291 2369 3128,
2328 2310 2378 2356 δε

378 2384 459 2433 per
480 2369 604 2416 viam
629 2382 810 2423 verum,
846 2384 903 2416 n:
931 2370 1042 2432 627.
1070 2387 1194 2433 2333
1218 2393 1256 2425 ςΔ
1284 2385 1339 2418 ut
1376 2373 1498 2435 apud
1519 2373 1728 2430 Esaiam,
1764 2379 1798 2401 “
1826 2375 1931 2421 Vox
1963 2375 2195 2421 clamantis
2227 2376 2273 2420 in
2298 2375 2376 2420 de-

377 2434 509 2491 serte,
544 2435 707 2483 verrite
730 2439 897 2498 (parate
916 2436 951 2494 :)
975 2437 1095 2483 viam
1118 2436 1327 2497 Jehovae,
1363 2439 1414 2484 &
1445 2439 1610 2485 re&am
1648 2437 1782 2486 facite
1821 2440 1867 2485 in
1900 2439 2138 2486 solitudine
2177 2439 2379 2487 semitam

376 2502 482 2549 Deo
506 2499 706 2556 nostr0,’'
742 2516 836 2547 XL:
867 2518 922 2562 3:
973 2501 1097 2564 apud
1140 2502 1371 2559 Eundem,
1425 2508 1458 2530 “
1483 2504 1691 2561 Sternite,
1727 2504 1923 2563 sternite,
1959 2507 2131 2553 Verrite
2151 2508 2320 2570 (parate
2340 2511 2377 2566 :)

377 2570 780 2623 viam,.removete
809 2565 1140 2614 offendiculum
1165 2584 1190 2615 a
1210 2570 1285 2614 via
1316 2569 1477 2634 populi
1508 2572 1647 2627 mei,”
1683 2587 1818 2619 nvn:
1852 2587 1938 2631 14:
1984 2571 2107 2636 apud
2142 2572 2376 2630 Eundem,

380 2638 414 2661 “
449 2631 670 2689 Tranfite,
708 2631 885 2679 transite
925 2633 972 2679 in
1004 2646 1172 2696 portas,
1208 2637 1377 2681 Verrite
1413 2637 1585 2700 (parate
1604 2638 1639 2696 z)
1675 2639 1795 2684 viam
1826 2638 2002 2703 populi,
2039 2638 2234 2695 sternite,
2269 2638 2377 2685 ster-

379 2701 473 2748 nite
510 2700 651 2754 viam,
703 2698 918 2762 elapidate
951 2715 976 2748 e
1013 2699 1212 2763 lapide,''
1249 2716 1390 2749 Lxu:
1423 2719 1511 2751 10:
1560 2702 1683 2766 apud
1720 2703 2014 2761 Malachiam,
2052 2709 2086 2731 “
2109 2705 2231 2751 Ecce
2268 2705 2377 2767 Ego

381 2767 565 2814 mittens
598 2764 810 2828 angelum
846 2781 1022 2822 meum,
1059 2768 1107 2817 δε
1130 2769 1281 2817 Verret
1305 2767 1500 2831 (parabit
1519 2771 1553 2829 :)
1583 2771 1704 2817 viam
1740 2785 1892 2817 coram
1919 2772 2021 2828 Me,
2058 2772 2108 2818 &
2133 2770 2279 2818 subito
2300 2787 2378 2817 ve-

381 2833 474 2881 niet
513 2832 571 2879 ad
609 2831 836 2894 templum
875 2833 1124 2889 Dominus,
1172 2849 1312 2897 quem
1348 2850 1432 2882 vos
1469 2837 1772 2899 quaerente5,”
1814 2853 1915 2885 111:
1948 2855 2007 2893 13
2060 2837 2146 2884 illis
2186 2839 2232 2884 in
2264 2837 2378 2884 'locis

381 2914 557 2946 verrere
589 2899 712 2945 viam
743 2913 828 2961 pro
857 2914 1008 2962 parare
1032 2898 1074 2946 se
1097 2901 1147 2948 δε
1181 2916 1432 2964 praeparare
1467 2902 1523 2949 ad
1563 2903 1876 2966 recipiendum
1910 2918 2108 2959 verum·,
2144 2905 2295 2966 agitur
2317 2904 2380 2949 ibi

372 2963 440 3016 ‘de
460 2964 657 3012 adventu
679 2965 892 3021 Domini,
926 2965 983 3012 ad
1006 2981 1144 3029 quem
1165 2966 1207 3013 se
1230 2979 1533 3031 praepararent
1554 2969 1610 3016 ad
1633 2970 1943 3032 recipiendum
1967 2985 2128 3016 verum
2168 2970 2291 3026 fidei,
2326 2969 2377 3015 δε

379 3045 467 3090 -per
505 3029 621 3076 illud
660 3029 834 3078 bonum
874 3031 1114 3089 charitatiS,
1152 3034 1199 3079 δε
1237 3050 1317 3097 per
1355 3034 1441 3081 hoc
1479 3033 1668 3083 salutem
1705 3047 1945 3082 aeternam:
1983 3036 2105 3098 apud
2132 3036 2375 3089 Davidem,

361 3098 423 3123 “‘
455 3095 612 3143 Vitem
639 3111 709 3155 iex
733 3098 944 3162 AEgypto
982 3098 1202 3162 proficisci
1241 3098 1402 3157 fecisti,
1437 3100 1648 3164 expulisti
1687 3114 1861 3164 gentes,
1904 3103 1953 3148 ὅτ,
1992 3101 2195 3164 plantasti
2234 3100 2376 3154 illim,

386 3161 574 3214 verrini,
593 3166 747 3213 coram
783 3163 873 3221 illa,
921 3165 971 3217 &
1012 3165 1197 3213 radicari
1243 3164 1384 3213 fecisti
1430 3168 1631 3214 radicem
1675 3167 1789 3230 ejuS,
1824 3170 1874 3215 ὅτ
1914 3169 2124 3229 implevit
2163 3165 2378 3219 terram,’'

388 3223 572 3278 Halm:
599 3241 762 3278 Lxxx:
790 3246 833 3293 9,
866 3247 944 3292 10,
972 3230 1041 3284 ,ibi
1067 3234 1112 3278 in
1136 3231 1259 3279 sensu
1283 3231 1495 3299 supremo
1527 3234 1583 3282 de
1607 3235 1814 3282 Domino
1835 3255 1849 3291 3
1885 3235 1990 3281 vitis
2014 3248 2068 3280 ex
2086 3233 2297 3295 AEgypto
2318 3228 2382 3277 est

1447 3300 1489 3346 Z
2227 3312 2389 3344 verum
