2872 3730
355 1274 357 1279 ι
429 1238 586 1287 adhuc
608 1238 842 1286 arCtiorem
866 1247 1091 1301 quantum
1122 1235 1338 1300 poffibile.

349 228 523 334 ⁴34
943 236 1910 323 GENES*I·S.

431 378 559 444 quod
583 394 662 443 per
685 378 760 426 illa
788 377 1179 435 sanetificarentur,
1217 395 1272 426 n:
1299 378 1426 442 2776
1445 400 1458 433 ·,
1496 375 1600 425 inde
1637 376 1834 440 constare
1871 377 2033 441 potest,
2068 379 2195 444 quod
2234 395 2315 444 per
2352 378 2421 428 in-

434 446 785 508 terrogationem
810 442 1025 506 Jischaki,
1061 445 1134 491 ubi
1166 456 1292 505 pecus
1328 444 1388 491 ad
1419 443 1714 504 holocaustum,
1752 444 2042 508 slgnificetur,
2077 443 2156 493 ubi
2179 445 2243 493 illi
2266 462 2323 493 ex
2344 461 2423 509 ge·

435 527 538 560 nere
562 511 762 558 humano
784 512 865 574 qui
887 510 1213 558 sanffificentur
1239 532 1252 565 3
1283 510 1411 573 quod
1434 507 1707 561 manifestius
1730 522 1853 574 patet
1875 527 1899 558 a
1923 510 2224 574 sequentibus,‚
2261 527 2425 575 nempe

435 595 459 626 a
482 577 687 641 responso
711 577 962 625 Abrahami
1000 578 1152 639 patris,
1187 577 1306 625 Deus
1328 576 1491 624 videbit
1499 576 1588 636 fibi
1602 575 1799 640 pecudem
1823 577 1867 624 in
1889 577 2182 637 holocaustum,
2217 578 2355 626 Vers:
2379 583 2424 636 8,

435 644 601 709 quibus
625 643 916 708 significatur,
952 643 1080 707 quod
1103 643 1328 691 Divinum
1368 639 1643 691 Humanum
1686 642 1946 708 providebit
1986 643 2084 691 illos
2121 646 2202 708 qui
2236 644 2424 695 sanetifi-

438 722 628 765 centur3
666 713 713 758 &
738 726 795 757 ex
817 726 887 764 eo,
923 709 1050 773 quod
1088 709 1190 756 dein
1230 708 1349 755 visus
1389 710 1498 756 aries
1537 708 1637 773 post
1660 708 1867 757 detentus
1888 706 2424 776 in-perplexocornibuS,

437 777 518 840 qui
557 776 734 824 oblatus
771 777 817 822 in
853 774 1182 832 holocaustum,
1218 773 1359 822 Vers:
1394 793 1467 839 13,
1504 775 1671 839 quibus
1707 775 2016 839 significantur
2052 775 2117 825 illi
2156 793 2214 824 ex
2241 773 2426 825 'Genere

436 843 655 899 humano,
691 843 771 906 qui
793 858 818 888 a
850 841 1063 906 spirituali
1086 841 1278 889 Domini
1302 839 1499 893 Ecclesia
1519 841 1637 900 sunt,
1674 843 1722 889 ὅτ
1746 853 1962 905 praeterea
2000 857 2057 890 ex
2095 842 2180 890 illis
2217 859 2324 907 qur.
2363 841 2426 890 se-

436 921 641 973 quuntur
663 925 689 955 a
709 907 846 957 Vers:
878 926 935 969 14
959 908 1016 955 ad
1045 924 1114 972 17.
2146 969 2148 971 Ι
2228 919 2254 933 ·’

507 976 648 1024 2806.
686 974 806 1021 Vers
815 993 824 1021 ε
856 979 896 1023 8.
941 976 1004 1022 Et
1027 974 1138 1022 dixit
1155 973 1396 1029 Abraham,
1432 974 1551 1022 Deus
1573 974 1736 1022 videbit
1744 973 1836 1034 fibi
1852 973 2046 1036 pecudem
2065 977 2111 1023 in
2134 975 2426 1037 holocaustum,

426 1039 500 1100 fili
522 1043 581 1089 mi
599 1063 614 1097 3
651 1039 706 1090 δέ
727 1043 899 1102 iverunt
919 1040 1040 1088 ambo
1061 1041 1127 1088 illi
1149 1055 1247 1088 una.
1318 1039 1450 1088 Dixit
1473 1040 1723 1097 Abraham,
1758 1041 1883 1088 Deus
1908 1040 2080 1088 videbit
2103 1041 2183 1088 fibi
2202 1042 2428 1105 pecudem

439 1109 486 1154 in
510 1105 840 1163 holocaustum,
876 1106 942 1153 fili
966 1107 1048 1162 mi,
1086 1105 1308 1169 fignificat
1330 1104 1591 1169 responsum
1614 1106 1743 1170 quod
1765 1106 1995 1154 Divinum
2018 1107 2298 1155 Humanum
2321 1123 2429 1171 pro·

437 1173 612 1220 videbit
635 1172 736 1219 illos
759 1173 839 1235 qui
864 1171 1216 1219 sanctificentur:
1257 1172 1306 1219 &
1331 1172 1509 1238 iverunt
1531 1171 1668 1220 ambo
1691 1171 1756 1219 illi
1777 1188 1882 1228 una,
1918 1171 2138 1236 fignificat
2177 1174 2429 1222 unitionem

509 1309 652 1370 2807.
688 1303 822 1352 Dixit
845 1303 1096 1360 Abraham,
1132 1304 1258 1351 Deus
1297 1302 1471 1350 videbit
1509 1302 1590 1351 fibi
1629 1301 1856 1368 pecudem
1897 1302 1945 1350 in
1982 1301 2315 1361 holocaustum,
2364 1294 2432 1357 fili

439 1368 1621 1485 ffssassffczitfirgiffiiiasssffffi?“31323503‘231‘21232
1642 1368 1922 1485 Ῑέἓωέῗὲω
1943 1369 2204 1484 ἳῖἔῖἒὲῗᾶἔ
2227 1370 2431 1485 ἓέοευὲω

436 1501 563 1566 quod
594 1501 647 1549 fit
671 1470 926 1550 Prae’videre
962 1503 1009 1549 ὅτ
1035 1451 1314 1557 Prov÷dere3
1348 1501 1516 1549 Videre
1538 1503 1663 1550 enim
1687 1470 1883 1550 in’sensu
1918 1452 2128 1566 §mxime
2167 1453 2439 1579 internoeoffi

439 1567 702 1630 intelligere,
739 1583 798 1614 n:
827 1583 969 1630 2150.
998 1584 1022 1618 2
1032 1583 1160 1630 3253
1213 1566 1261 1613 in
1300 1565 1422 1614 sensu
1461 1579 1612 1617 autem
1655 1567 1803 1614 adhuc
1841 1567 2057 1629 interiori,
2092 1566 2157 1619 est
2187 1567 2329 1620 fidem
2352 1569 2431 1616 ha·-

435 1634 559 1690 bere,
605 1650 664 1681 n:
689 1637 796 1698 897.
825 1650 849 1682 2
859 1650 915 1696 32
924 1649 987 1695 53
1034 1645 1079 1680 at
1117 1633 1163 1678 in
1200 1629 1321 1678 sensu
1362 1631 1604 1695 Supremo,
1654 1631 1732 1688 est,
1754 1631 2011 1680 Praevidere
2057 1632 2107 1679 ὅτ
2151 1633 2428 1682 Providere:

441 1712 543 1748 tum
579 1714 635 1746 ex
673 1698 995 1762 fignificatione
1032 1697 1218 1762 pecudis
1257 1698 1303 1744 in
1341 1697 1672 1755 holocaustum,
1707 1697 1835 1765 quod
1874 1696 1959 1745 fint
1982 1697 2047 1745 illi
2070 1698 2231 1762 qui¹ex
2253 1700 2431 1748 Genere

441 1764 644 1813 humano
680 1763 1025 1821 sancitificentur,l
1057 1764 1112 1811 de
1142 1779 1233 1827 qua
1272 1779 1382 1811 mox
1422 1763 1551 1828 supra
1589 1763 1649 1812 n:
1679 1768 1837 1829 2805:
1874 1763 2000 1828 quod
2023 1780 2104 1828 per
2126 1766 2358 1817 Pecudem
2382 1768 2430 1814 in

440 1830 753 1880 holocaustum
792 1831 866 1878 hic
906 1831 1212 1895 intelligantur
1246 1830 1528 1906 spirituales,
1563 1846 1619 1877 ex
1652 1829 1936 1896 sequentibus
1972 1841 2123 1894 patet:
2157 1832 2363 1893 Pecudes
2384 1834 2433 1880 in

441 1897 754 1945 holocaustum
793 1897 842 1944 δε
883 1897 1166 1954 sacrificium,
1201 1911 1322 1944 varia
1359 1895 1685 1960 fignificabant,
1729 1895 1851 1948 aliud
1893 1912 2057 1961 nempe
2089 1898 2275 1961 Agnus,
2311 1898 2434 1954 aliud

446 1966 581 2020 Ovis,
617 1962 738 2010 aliud
763 1963 946 2010 Haedus
987 1965 1036 2011 ὅτ
1068 1979 1213 2028 capra,
1248 1961 1370 2011 aliud
1390 1965 1524 2011 Aries
1555 1962 1605 2011 δε
1628 1962 1823 2022 Hircus‚
1858 1963 1907 2011 &
1947 1974 2131 2027 quoque
2165 1964 2291 2027 ‘aliud
2323 1966 2434 2022 Bos,

442 2042 544 2078 tum
570 2029 800 2091 Juvencus
824 2031 872 2077 ὅτ
895 2029 1117 2086 Vitulus3
1151 2027 1275 2076 aliud
1296 2030 1432 2077 etiarn
1458 2029 1570 2092 pulli
1594 2024 1911 2078 columbarum
1942 2031 2008 2093 &²
2027 2042 2255 2087 turtures3
2303 2030 2434 2094 quod

444 2096 566 2144 aliud
607 2095 973 2158 significaverint,
1010 2095 1207 2143 constare
1230 2094 1376 2158 potest
1399 2094 1630 2144 manifeste
1646 2111 1703 2143 ex
1725 2111 1796 2153 eo,
1830 2095 1959 2159 quod
1992 2095 2235 2143 definitum
2268 2095 2323 2146 fit
2354 2112 2432 2145 ex-

444 2162 598 2227 preffe,
635 2160 866 2225 quodnam
907 2176 1050 2225 genus
1090 2159 1380 2210 sacrificarent
1411 2161 1597 2224 singulis
1618 2160 1794 2218 diebus,
1829 2160 2014 2225 singulis
2038 2159 2173 2218 festis,
2209 2162 2255 2209 in
2278 2163 2432 2226 expia-

443 2227 660 2283 tionibus,
697 2227 742 2273 in
765 2226 1149 2284 mundationibus,
1186 2229 1232 2274 in
1262 2226 1695 2290 inaugurationibus,
1730 2228 1779 2277 δί,
1814 2227 1860 2273 in
1901 2228 2107 2282 caeteris3
2142 2243 2248 2291 quae
2270 2243 2433 2291 genera

447 2293 668 2357 nusquam
702 2305 795 2339 tam
819 2286 1014 2356 ex'preffe
1037 2293 1219 2348 definita
1240 2291 1432 2349 fuiffent,
1468 2292 1546 2339 nisi
1572 2292 1915 2358 unumquodvis
1938 2292 2108 2356 aliquid
2138 2293 2320 2357 speciale
2342 2295 2432 2357 fig-

449 2359 707 2406 nificaverit.
779 2357 1077 2407 Manifestum
1115 2359 1195 2416 est,
1243 2359 1370 2422 quod
1417 2374 1573 2407 omnes
1619 2359 1756 2408 Ritus
1793 2357 1868 2406 seu
1904 2358 2070 2408 Cultus
2112 2360 2322 2419 externi,
2351 2361 2432 2423 qui

445 2423 631 2472 fuerunt
665 2425 710 2471 in
748 2424 947 2473 Ecclesia.
965 2425 1192 2488 Antiqua,
1222 2425 1272 2471 &
1311 2424 1462 2488 postea
1501 2425 1546 2471 in
1582 2423 1788 2484 Judaica,
1822 2422 2235 2487 repraesentaverint
2263 2426 2432 2474 Domi—

448 2507 578 2546 num,
614 2492 675 2537 ita
713 2491 939 2552 imprimis
978 2489 1260 2538 Holocausta
1300 2493 1350 2537 &
1385 2489 1630 2546 Sacrificia,
1681 2492 1786 2551 quia
1830 2490 1904 2536 illa
1946 2487 2129 2536 fuerunt
2170 2491 2431 2553 principalia

446 2557 596 2605 cultus
632 2556 753 2618 apud
776 2557 976 2603 Gentem
999 2556 1249 2604 Hebraeam
1271 2576 1284 2610 3
1321 2557 1371 2603 δε
1394 2557 1499 2617 quia
1518 2555 1796 2610 Dominum,
1832 2554 1968 2601 etiam
1990 2552 2123 2600 fimul
2146 2554 2430 2616 repraesenta-

445 2633 610 2670 verunt
646 2620 766 2682 apud
803 2620 1008 2667 homines
1040 2620 1115 2667 illa
1146 2636 1252 2681 quae
1274 2621 1466 2666 Domini
1489 2617 1605 2674 sunt,
1641 2634 1805 2682 nempe
1827 2618 2024 2666 coelestia
2046 2620 2209 2667 amoris
2233 2620 2282 2667 ὅτ
2305 2619 2431 2684 spiri'-
2521 2636 2526 2640 ·

447 2688 581 2735 tualia
602 2686 724 2742 fidei,
760 2684 1077 2749 consequenter
1103 2684 1222 2749 ipsos
1245 2684 1449 2734 homines
1489 2685 1569 2796 qui
1606 2683 1712 2731 tales
1743 2696 1884 2741 erant,
1918 2684 1991 2732 seu
2030 2679 2136 2747 tales
2171 2687 2255 2737 effe
2294 2687 2431 2735 debe.-

448 2765 563 2808 rent,
599 2751 703 2798 inde
726 2750 805 2806 est,
841 2751 967 2812 quod
1001 2766 1081 2813 per
1114 2749 1336 2813 pecudem
1377 2750 1449 2797 hic
1508 2749 1797 2812 lgnificentur
1819 2750 2095 2814 Spirituales,
2130 2752 2223 2799 hoc·
2249 2752 2327 2810 est,
2363 2753 2429 2800 illi

447 2820 528 2884 qui
551 2834 575 2864 a
597 2817 808 2880 spirituali
832 2818 1024 2863 Domini
1047 2816 1243 2864 Ecclesia
1275 2815 1388 2863 sunt.
1459 2816 1605 2880 Quod
1628 2817 1754 2863 Deus
1785 2816 1961 2864 videbit
1998 2817 2079 2864 fibi
2117 2818 2339 2881 pecudem
2379 2822 2426 2866 in

447 2883 758 2934 holocaustum
783 2882 847 2928 fili
873 2883 953 2939 mi,
990 2882 1209 2944 fignificet
1241 2882 1368 2945 quod
1395 2883 1608 2929 Divinum
1637 2883 1881 2930 Humanum
1919 2883 2191 2946 providebit,
2228 2884 2425 2934 constare

349 2970 354 2975 ·
445 2949 593 3016 potest
614 2965 670 2996 ex
692 2965 761 3004 eo,
798 2949 922 3012 quod
963 2964 1053 2996 non
1090 2948 1264 2996 dicatur
1302 2948 1374 2995 hic
1415 2947 1542 3010 quod
1566 2948 1772 3008 Jehovah
1810 2949 1999 3005 videbit,
2036 2948 2111 2996 sed
2148 2951 2275 3013 quod
2298 2951 2424 3000 Deus
2469 2976 2472 2977 ⁷
2557 2934 2585 2950 ⁵

447 3016 619 3063 videbit
637 3037 651 3071 3
688 3030 795 3062 cum
830 3027 1017 3077 uterque
1050 3014 1323 3070 nominatur,
1360 3026 1411 3061 ut
1448 3016 1494 3060 in
1535 3013 1621 3061 hoc
1662 3014 1836 3077 Capite,
1872 3031 1953 3079 per
1974 3014 2201 3076 Jehovam
2224 3028 2333 3065 tunc
2356 3017 2424 3064 in·

445 3082 665 3144 telligitur
702 3081 824 3127 idem
862 3080 987 3143 quod
1022 3097 1100 3144 per
1123 3080 1320 3136 Patrem,
1357 3081 1407 3127 &
1429 3096 1507 3143 per
1529 3080 1686 3126 Deum
1725 3080 1847 3127 idem
1887 3081 2015 3144 quod
2038 3096 2117 3143 per
2139 3081 2326 3138 Filium,
2362 3082 2426 3132 ita

443 3148 516 3196 hic
540 3149 753 3195 Divinum
779 3147 1053 3201 Humanum3
1088 3147 1137 3193 δε
1176 3145 1262 3191 hoc
1296 3146 1403 3208 quia
1441 3146 1496 3191 de
1520 3144 1749 3209 Spirituali
1785 3145 1968 3195 homine
2000 3147 2165 3208 agitur,
2200 3147 2276 3194 cui·
2295 3147 2423 3210 quod

439 3230 495 3262 ex
518 3214 691 3282 Divino
713 3212 940 3262 Humano
962 3211 1089 3271 saluS,
1124 3210 1329 3260 videatur
1352 3227 1414 3261 n:
1441 3211 1581 3275 2661..
1609 3209 1749 3274 2716.

2215 3278 2221 3280 “
2271 3281 2415 3329 2808.
