2904 3750
608 225 943 299 CAPUT
989 225 2112 305 VIGESIMUMOCTAVUM.
2186 196 2364 316 ’4η

362 377 504 427 3130.
535 362 676 426 3160.
705 363 829 424 3612
854 385 868 417 3
892 358 958 409 ’δε
998 377 1054 408 ex
1090 359 1413 424 fignificatione
1450 361 1650 424 accipere
1687 361 1925 411 mulierem
1964 381 1992 412 e
2028 366 2206 415 filiabus
2243 365 2365 430 ejus,

360 431 487 494 quod
522 429 575 479 fit
612 430 807 476 affociari
840 428 914 476 seu
954 425 1177 490 conjungi
1209 425 1522 474 affectionibus
1545 429 1641 474 veri
1674 443 1782 490 φιτ
1820 429 1926 476 inde
1945 453 1962 485 ·‚
2006 434 2134 494 quod
2167 435 2370 498 accipere

359 496 597 543 mulierem
624 496 679 543 fit
702 493 938 559 conjungi,
973 503 1113 555 patet,
1148 494 1199 539 &
1219 493 1348 555 quod
1371 492 1481 538 filiae
1509 492 1596 540 fint
1618 493 1892 552 affeffiones,
1929 497 2133 545 videatur
2167 517 2195 545 n
2215 518 2226 547 :
2249 502 2360 562 568.

361 563 503 626 2362.
531 575 696 625 3024,
738 561 843 607 inde
878 557 1066 614 constat,
1101 557 1217 622 quid
1251 557 1325 605 illa
1348 557 1486 605 verba
1519 559 1796 622 significant,
1828 578 1995 625 nempe
2025 565 2152 625 quod
2176 567 2362 615 Bonum

356 629 588 676 Naturalis
613 625 978 690 repraesentatum
1017 623 1092 672 hic
1114 640 1197 688 per
1219 623 1447 685 jacobum
1472 624 1824 689 conjungeretur
1855 631 1977 676 veris
2006 645 2113 693 φιτ
2147 647 2203 678 ex
2238 631 2364 680 bono

357 693 598 743 collaterali
621 705 822 740 externo.
892 692 1018 739 Haec
1043 691 1084 738 se
1113 693 1175 739 ita
1197 690 1377 748 habent,
1413 707 1522 740 cum
1546 706 1830 755 regeneratur
1853 695 2012 753 homo,
2047 709 2157 744 tunc
2180 698 2365 745 ducitur

357 763 394 811 is
428 778 453 809 a
475 761 684 808 Domino
712 761 916 823 primum
951 758 1063 806 licut
1096 756 1255 816 infanS,
1294 759 1400 806 dein
1438 757 1554 816 ficut
1588 775 1718 823 puer,
1758 760 1910 823 postea
1944 761 2055 811 ficut
2088 763 2359 820 adolescens,

354 829 406 877 &
428 826 613 875 tandem
638 826 751 873 licut
774 825 954 873 adultus
973 847 993 881 ·,
1024 841 1131 872 vera
1162 841 1269 889 quae
1301 825 1416 873 ficut
1448 823 1594 872 infans
1616 842 1730 890 puer
1748 825 1898 884 discit,
1938 827 2039 877 sunt
2071 829 2249 893 prorsus
2279 847 2357 877 ex-

355 907 478 943 terna
502 894 552 941 &
576 908 810 957 corporea,
845 908 952 939 nam
983 893 1195 955 interiora
1227 891 1436 939 nondum
1462 891 1610 955 potest
1643 909 1833 956 capere3
1872 910 1980 941 vera
2019 896 2092 943 illa
2130 897 2231 946 sunt
2267 913 2359 944 non

352 961 476 1010 aliud
516 976 656 1024 quam
694 959 978 1023 cognitiones
1019 958 1198 1015 talium,
1235 958 1282 1004 in
1320 957 1488 1022 quibus
1520 959 1681 1006 intime
1722 959 1822 1007 sunt
1845 961 2045 1010 Divina:
2092 962 2194 1010 sunt
2229 965 2353 1010 enim

352 1029 634 1093 cognitiones
657 1042 826 1083 rerum,
862 1027 909 1073 in
932 1024 1098 1089 quibus
1122 1040 1214 1072 non
1236 1024 1398 1085 intime
1430 1024 1617 1089 aliquod
1638 1026 1884 1083 Divinum,
1922 1029 1972 1076 δε
1995 1027 2097 1076 sunt
2120 1030 2164 1076 in
2187 1030 2375 1093 quibus.

350 1095 451 1150 vest3
499 1094 800 1158 cognitiones,
844 1093 891 1140 in
927 1091 1096 1156 quibus
1132 1092 1294 1139 intime
1330 1090 1395 1138 est
1424 1091 1674 1149 Divinum,
1717 1091 1819 1139 sunt
1856 1093 1983 1151 tales,
2029 1107 2080 1142 ut
2115 1097 2357 1144 admittere

354 1163 520 1226 postint
542 1177 647 1207 vera
670 1161 879 1206 interiora
903 1160 1047 1221 magis
1071 1159 1120 1205 &
1145 1158 1293 1221 magis
1327 1155 1565 1206 successive
1602 1158 1651 1205 δι
1676 1159 1850 1215 ordine,
1888 1172 1933 1206 at
1968 1163 2269 1224 cognitiones,
2306 1164 2356 1209 in

352 1228 518 1292 quibus
542 1243 633 1273 non
657 1225 719 1272 est
742 1226 968 1272 Divinum
994 1224 1095 1271 sunt
1118 1223 1225 1271 tales
1248 1235 1301 1270 ut
1322 1239 1414 1271 non
1446 1223 1704 1282 admittant,
1730 1224 1803 1272 sed
1828 1225 2066 1289 respuant,
2106 1227 2208 1276 sunt
2229 1230 2356 1276 enim

356 1296 644 1357 cognitiones
684 1292 794 1345 boni
824 1293 873 1339 &
898 1293 993 1338 veri
1027 1291 1200 1338 externi
1234 1290 1284 1337 &
1321 1291 1544 1353 corporei,
1585 1291 1698 1338 sicut
1736 1291 1922 1349 humus,
1959 1310 2066 1357 φιτ
2101 1294 2353 1345 secundum

353 1362 478 1408 suam
518 1359 720 1407 indolem
755 1358 959 1405 admittit
997 1357 1163 1404 semina
1197 1354 1332 1419 hujus
1365 1373 1458 1404 non
1491 1357 1671 1404 alterius
1710 1370 1899 1415 naturae,
1936 1361 1985 1407 &
2023 1377 2169 1408 unum
2209 1378 2357 1424 genus

353 1428 576 1475 seminum
613 1425 842 1489 producit,
878 1425 928 1472 &
950 1423 1144 1471 alterum
1169 1422 1391 1478 suffocat;
1431 1424 1713 1486 cognitiones
1750 1424 1801 1471 in
1830 1425 1997 1488 quibus
2034 1429 2195 1476 intime
2217 1430 2370 1477 Divi->

353 1510 466 1541 num
504 1493 757 1540 admittunt
779 1493 823 1538 in
852 1491 889 1538 se
910 1507 1071 1538 verum
1096 1491 1146 1538 δε
1170 1490 1345 1537 bonum
1369 1488 1592 1554 spirituale
1614 1491 1665 1538 δε
1687 1490 1887 1548 coeleste,
1908 1509 1984 1540 -ex
2003 1494 2179 1541 Divino
2209 1497 2353 1553 enim,

289 1546 301 1555 ”
350 1561 480 1625 quod
501 1562 622 1606 intus
645 1557 709 1606 est
730 1559 779 1605 ὅτ.
805 1558 1018 1621 disponit,
1055 1557 1162 1604 tales
1183 1555 1283 1603 sunt
1303 1578 1317 1611 ;
1358 1569 1406 1603 at
1426 1557 1709 1620 cognitiones
1731 1558 1779 1604 in
1801 1558 1966 1621 quibus
1989 1576 2082 1607 non
2104 1562 2355 1619 Divinum,
2368 1590 2374 1613 ‚-

352 1628 602 1675 admittunt
640 1624 783 1671 modo
805 1623 965 1671 falsum
989 1625 1040 1670 &
1064 1623 1256 1679 malum,
1293 1638 1398 1668 nam
1433 1621 1535 1670 sunt
1566 1622 1664 1670 talis
1699 1635 1903 1673 naturae:
1945 1625 2035 1673 illae
2067 1629 2353 1692 cognitiones

350 1695 445 1740 veri
471 1692 641 1739 externi
675 1692 723 1738 ὅτ
750 1691 972 1754 corporei,
1011 1704 1118 1753 φιτ
1149 1688 1400 1737 admittunt
1423 1704 1587 1735 verum
1622 1689 1671 1736 δε
1697 1688 1872 1737 bonum
1907 1691 2132 1755 spirituale
2169 1695 2221 1742 δε
2253 1711 2351 1742 coe-

351 1759 471 1816 leste,
507 1757 815 1822 significantur
852 1756 926 1804 hic
962 1771 1042 1820 per
1080 1754 1192 1802 filias
1226 1752 1425 1802 Labanis
1455 1771 1513 1803 ex
1548 1754 1694 1804 domo
1727 1755 1977 1816 Bethuelis,
2026 1771 2071 1807 at
2110 1776 2218 1823 φιτ
2257 1778 2353 1810 non

354 1827 620 1882 admittunt,
644 1823 964 1886 ¹significantur
987 1839 1066 1887 per
1088 1821 1200 1870 filias
1224 1822 1420 1870 Canaan.
1488 1822 1807 1886 Cognitiones,
1845 1840 1952 1888 φιτ
1984 1826 2041 1873 ab
2077 1826 2264 1876 infantia
2296 1829 2358 1877 ad

353 1893 591 1957 pueritiam
616 1890 924 1947 addiscuntur,
960 1889 1062 1936 sunt
1098 1889 1212 1936 ficut
1233 1887 1336 1936 vasa
1368 1891 1754 1957 communiffima‚
1794 1906 1902 1956 quae
1939 1891 2227 1958 adimplenda
2250 1894 2353 1944 sunt

354 1958 503 2014 bonis,
543 1973 593 2004 ac
617 1955 728 2003 ficut
754 1955 1077 2019 adimplentur,
1119 1954 1364 2004 illustratur
1394 1956 1572 2013 homo3
1619 1956 1653 2004 fi
1691 1956 1798 2004 talia
1818 1957 1919 2006 vasa
1942 1958 2060 2016 sunt,
2101 1973 2153 2009 ut
2185 1963 2231 2009 in
2266 1961 2357 2010 illis-

353 2027 519 2089 posfint
542 2024 624 2070 effe
647 2022 766 2069 bona
785 2023 997 2086 genuina,
1021 2034 1131 2069 tunc
1156 2037 1182 2067 a
1203 2022 1396 2079 Divino,
1432 2023 1560 2086 quod
1583 2025 1706 2071 intus
1729 2025 1775 2070 in
1796 2024 1902 2082 illis,
1927 2025 2171 2075 illustratur
2192 2028 2354 2086 thO,

355 2095 404 2139 δε
432 2092 516 2138 hoc
541 2089 780 2137 succeffive
803 2089 948 2151 magis
971 2089 1021 2135 &
1046 2088 1192 2151 magis
1214 2109 1228 2143 3
1270 2099 1316 2135 at
1338 2088 1371 2135 s1
1396 2088 1499 2136 talia
1531 2088 1650 2146 sunt,
1690 2101 1744 2138 ut
1778 2090 1825 2137 in
1856 2092 1944 2139 illis
1969 2110 2062 2141 non
2082 2096 2247 2158 poffint
2269 2096 2354 2142 effe

352 2159 470 2206 bona
493 2158 705 2221 genuina,
741 2167 851 2202 tunc
876 2171 967 2201 non
997 2154 1294 2210 illuminatur,
1333 2166 1517 2218 apparet
1547 2156 1737 2217 quidem
1760 2156 1874 2204 ficut
1893 2158 2154 2218 illustretur,
2193 2163 2264 2209 sed
2290 2163 2355 2210 est

353 2241 412 2272 ex
437 2224 611 2271 lumine
632 2220 774 2278 fatuo,
810 2222 937 2285 quod
967 2220 1030 2268 est
1054 2219 1150 2267 falfi
1182 2221 1233 2268 δε
1258 2220 1380 2277 mali,
1417 2234 1462 2268 at
1493 2220 1633 2284 usque
1664 2220 1925 2270 obscuratur
1949 2228 2095 2289 magis
2131 2230 2180 2275 δε
2207 2231 2352 2291 magis

356 2307 437 2354 per
460 2291 533 2337 illa
555 2289 707 2352 quoad
732 2288 907 2335 bonurn
938 2289 987 2336 δε
1010 2303 1189 2335 verum.
1261 2286 1560 2351 Cognitiones
1594 2287 1702 2335 tales
1736 2286 1837 2335 sunt
1859 2290 2152 2355 multiplices,
2187 2294 2237 2341 δε
2259 2307 2358 2342 tam.

357 2355 648 2419 multiplices,
683 2367 735 2401 ut
757 2355 838 2401 vix
867 2357 1034 2418 poffint
1066 2353 1217 2417 quoad
1256 2357 1420 2416 genera
1448 2353 1675 2411 recenseri,
1716 2356 1866 2402 minus
1900 2359 2054 2419 quoad
2086 2358 2251 2422 species
2282 2362 2352 2408 di-

356 2423 559 2486 stingui3
599 2421 859 2468 derivantur
891 2423 1016 2466 enim
1049 2436 1075 2466 a
1094 2421 1271 2466 Divino
1304 2420 1618 2484 multipliciter
1647 2437 1726 2483 per
1739 2422 1986 2485 ‚Rationale
2025 2425 2072 2471 in
2099 2427 2315 2474 Naturale
2336 2450 2354 2483 ς

356 2488 570 2552 quaedam
594 2489 719 2534 enim
740 2486 1001 2538 immediate
1034 2486 1231 2533 influunt
1258 2502 1339 2548 per
1369 2487 1557 2534 Bonum
1582 2487 1827 2534 Rationalis
1850 2511 1869 2543 ·,
1901 2490 1948 2537 δι
1973 2492 2079 2539 inde
2102 2493 2150 2539 in
2176 2493 2371 2542 bonum

357 2555 581 2611 naturaliS,
616 2555 752 2601 etiam
787 2555 834 2600 in
856 2553 1034 2600 Verum
1056 2550 1191 2615 hujus
1215 2552 1340 2609 boni,
1378 2568 1428 2599 ac
1452 2554 1616 2600 iterum
1653 2553 1756 2601 inde
1791 2555 1837 2601 in
1859 2556 2078 2605 Naturale
2115 2572 2355 2608 externum

357 2622 431 2669 feu
468 2637 755 2684 corporeum,
794 2636 843 2667 ac
880 2619 945 2665 ibi
969 2635 1154 2682 quoque
1185 2619 1351 2665 abeunt
1383 2620 1438 2666 in*
1454 2621 1601 2666 varios
1636 2621 1793 2676 rivos·,
1832 2622 1885 2682 δε
1910 2625 2124 2686 quaedam
2159 2627 2362 2675 influunt.

357 2689 553 2735 mediate
592 2703 672 2750 per
696 2688 870 2734 Verum
906 2685 1171 2742 Rationalis,
1207 2687 1253 2732 in
1291 2701 1452 2733 verum
1475 2686 1722 2744 Naturalis,
1757 2688 1893 2735 etiam
1934 2691 1979 2736 in
2018 2691 2191 2740 bonum
2222 2693 2383 2749 huius-

356 2756 482 2811 veri,
506 2771 555 2802 ac
579 2755 742 2800 iterum
769 2753 872 2800 inde
896 2754 941 2799 in
964 2752 1182 2800 Naturale
1203 2765 1442 2800 externum
1466 2751 1539 2801 seu
1563 2769 1851 2816 corporeum,
1887 2756 2093 2805 videatur
2127 2777 2156 2806 n
2178 2779 2186 2805 :
2210 2778 2234 2823 3
2243 2750 2302 2824 5}
2311 2779 2353 2824 3.

362 2822 517 2883 3616:
557 2820 598 2868 se
623 2821 786 2868 habent
810 2820 884 2867 illa
906 2819 1018 2866 ficut
1042 2832 1216 2883 genteS,
1252 2817 1458 2877 familiae,
1495 2823 1542 2868 &
1581 2820 1768 2878 domm,
1803 2838 1852 2868 ac
1890 2823 1934 2869 in
1971 2824 2058 2872 illis
2090 2826 2355 2888 consangui—

359 2889 514 2934 nitates
551 2888 600 2935 ὅτ
639 2888 894 2944 affinitates»,
925 2886 1052 2950 quod
1077 2902 1242 2949 nempe
1265 2886 1351 2933 sint
1374 2889 1452 2950 qui
1478 2889 1528 2934 in
1548 2887 1663 2935 linea
1688 2889 1805 2935 recta
1834 2887 1935 2936 sunt
1968 2907 1993 2937 a
2028 2894 2179 2955 primo
2213 2908 2354 2956 patre,

296 2960 304 2965 '
359 2953 408 2999 δε
430 2954 509 3015 qui
534 2954 578 2999 in
602 2953 714 3001 linea
736 2954 919 3016 obliqua
943 2953 1016 3000 seu
1040 2952 1278 3000 collaterali
1310 2957 1456 3017 magis
1481 2955 1529 3001 δε
1554 2956 1702 3019 magis
1723 2978 1737 3010 3
1772 2956 1821 3002 >in
1845 2957 1973 3004 coelis
1998 2957 2096 3005 haec
2121 2959 2363 3007 distinctis«

359 3017 471 3064 lima
492 3017 608 3074 sunt,
645 3037 748 3067 nam
785 3019 1007 3068 societates
1045 3019 1106 3066 ibi
1130 3035 1290 3066 omnes
1315 3019 1563 3069 secundum
1588 3038 1752 3085 genera
1775 3023 1822 3070 ἃ
1848 3022 2011 3085 species
2038 3026 2143 3072 boni
2168 3027 2216 3073 δε
2242 3028 2355 3082 veri,

357 3098 407 3129 as:
432 3084 535 3131 inde
559 3087 885 3147 proximitates,
912 3085 1133 3133 distinctae
1158 3086 1276 3142 sunt,
1302 3103 1332 3133 n
1353 3107 1363 3134 ι
1385 3087 1495 3150 685.
1519 3093 1662 3151 2508.
1685 3106 1827 3150 2524.
1856 3092 1998 3151 2556.
2026 3109 2167 3155 2739·
2199 3094 2316 3154 3612
2340 3115 2362 3145 ·‚·.

354 3165 466 3212 quas
501 3151 637 3198 etiam
659 3152 1029 3215 repraesentabant
1048 3154 1380 3216 Antiquiffimi,
1415 3156 1496 3216 qui
1534 3154 1738 3203 coelestes
1779 3155 1986 3204 homines
2022 3155 2236 3212 fuerunt·,
2278 3174 2357 3220 per
