2904 3750
500 218 635 307 506
843 192 854 199 ἡ
967 191 1087 283 G
1158 196 1255 282 E‘
1310 190 1402 279 N
1461 188 1559 278 Ἐ
1625 187 2205 281 &13²3

493 350 613 400 dabo
634 346 886 413 supervos
909 360 1090 403 nervos,
1125 347 1176 395 &
1201 344 1431 394 ascendere
1453 342 1618 393 faciam
1642 343 1774 411 super
1794 354 1877 395 vos
1919 341 2127 407 carnem,
2162 343 2214 395 δε
2256 329 2493 410 οὸἀυὲαιῇ

493 417 622 481 super
646 429 728 462 vos
753 424 928 470 cutem,
957 413 1014 467 &
1050 413 1170 460 dabo
1199 412 1247 459 in
1271 411 1406 460 vobis
1431 410 1641 476 spiritum
1677 425 1731 460 ut
1755 412 1933 461 vivatis.
2003 412 2304 480 Prophetav’r,
2341 412 2391 462 &
2413 415 2491 463 dco'
2531 445 2539 463 x

494 480 693 548 cefferunt
708 477 828 545 Offa,
864 482 926 528 Os
944 477 1003 526 ad
1013 479 1076 526 Os
1095 475 1245 535 suum,
1269 478 1364 526 vidi
1381 493 1488 527 cum
1506 494 1610 537 ecce
1633 476 1765 543 super
1782 479 1869 526 illis
1895 479 2040 536 nervi,
2082 479 2133 527 ὅτ
2154 492 2257 527 caro
2278 475 2490 538 ascendit,

501 549 551 595 &
578 546 777 596 obdueta
804 545 866 593 est
891 544 1021 610 super
1043 543 1127 592 illis
1143 540 1491 610 cutis'superius,
1527 544 1577 593 &
1600 544 1780 610 spiritus
1802 561 1892 593 non
1916 558 2007 593 erat
2025 546 2070 593 in
2092 545 2195 602 illis,
2221 545 2271 593 &
2305 547 2493 602 venitin

494 631 546 663 ea
565 609 758 679 spiritus,
802 614 852 661 &
889 611 1166 673 revixerunt,
1212 610 1263 659 &
1291 604 1507 658 steterunt
1530 611 1665 675 super
1702 610 1895 676 pedibus
1930 609 2068 660 suis⁹⁹
2135 627 2355 661 xxxv1:1
2382 612 2487 678 seq:

493 682 646 744 agitur
673 680 735 727 ibi
759 681 801 726 in
819 678 1056 726 communi
1074 676 1132 724 de
1153 676 1468 724 instauratione
1497 676 1713 724 Eccl‘efiae
1736 678 1859 742 apud
1881 691 2058 742 genteS,
2083 677 2134 726 δε
2162 678 2209 725 in
2231 679 2504 744 particulari‘

493 749 550 795 de
574 747 905 810 regeneratione
932 743 1144 799 hominis,
1179 742 1288 790 Offa
1311 743 1434 789 arida
1453 757 1538 806 pro
1562 743 1753 806 proprio
1769 743 2075 803 intelleotuali,
2115 745 2245 809 quod
2269 745 2490 794 inanima-

493 827 594 861 tum
619 811 680 859 est
704 823 946 875 antequam
967 811 1111 858 vitam
1132 809 1239 856 boni
1265 824 1291 856 a
1309 809 1520 856 Domino
1534 807 1721 872 accipit,
1756 808 1987 873 perillam
2013 811 2239 858 animatur
2256 810 2329 859 seu
2347 811 2401 859 fit
2418 813 2488 859 vi-

492 895 608 926 vum
626 900 639 934 ·,
664 894 767 925 caro
790 892 928 940 quam
938 876 1173 938 Dominus
1192 873 1422 922 ascendere
1436 872 1542 921 facit
1556 874 1808 939 superOfl'a
1827 874 1891 922 est
1901 875 2144 940 proprium
2159 876 2489 935 voluntarium,

492 945 619 1009 quod
641 946 879 1009 proprium
905 941 1083 997 coeleste
1108 951 1314 997 vocatur,
1340 941 1401 988 ita
1424 939 1487 989 est
1510 940 1682 989 bonum
1706 960 1721 995 3
1755 940 1934 1006 spiritus
1955 941 2018 988 est
2037 942 2133 989 vita
2153 941 2365 1001 Domini,
2380 959 2491 1010 quae,

495 1027 602 1059 cum
623 1011 769 1058 influit
787 1011 831 1056 in
846 1010 1016 1067 bonum
1037 1007 1232 1056 hominis
1250 1007 1377 1072 quod
1400 1023 1456 1054 ex
1474 1007 1661 1072 proprio
1685 1007 1864 1055 videtur
1883 1006 1962 1054 fibi
1987 1006 2101 1055 velle
2124 1001 2178 1055 δι’
2199 1006 2360 1065 facere,
2379 1019 2490 1057 tunc

496 1079 671 1135 bonum
698 1077 974 1132 vivificatur,
1012 1075 1060 1122 &
1087 1090 1142 1122 ex
1168 1073 1292 1121 bono
1318 1088 1496 1130 verum,
1523 1073 1575 1121 δι’
1597 1072 1652 1120 fit
1674 1087 1731 1120 ex
1749 1073 1932 1121 Offib'us
1955 1074 2088 1121 aridis
2114 1073 2273 1122 homo:
2340 1074 2488 1140 Apud

495 1143 725 1192 Davidem
776 1149 810 1171 “
835 1141 1061 1190 Diffoluta
1079 1139 1180 1187 sunt
1203 1141 1341 1187 omnia
1364 1137 1465 1204 Offa
1482 1155 1592 1193 mea,
1630 1136 1804 1188 fastum
1829 1139 1894 1187 est
1939 1154 2018 1187 cor
2042 1155 2200 1187 meum
2238 1139 2351 1187 ficut
2373 1155 2492 1197 cera,

500 1210 731 1257 numerare
759 1207 938 1272 poffum
963 1209 1100 1255 omnia
1124 1204 1223 1268 Offa
1262 1221 1372 1263 mea,
1407 1204 1657 1253 diviserunt
1686 1204 1826 1254 'vestes
1852 1221 1974 1255 meas
2007 1203 2103 1261 fibi,
2152 1206 2203 1254 ὅτ
2236 1204 2369 1270 super
2390 1205 2490 1254 ves-

507 1266 747 1336 timentum
796 1289 953 1322 meum
983 1271 1190 1337 jecerunt
1211 1271 1413 1320 sortem”
1453 1271 1800 1329 Psalm:xx11:
1844 1288 1920 1336 15.
1949 1271 2025 1320 18‘.
2051 1287 2069 1319 1
2115 1306 2128 1328 ‚
2165 1271 2228 1320 ibi
2262 1273 2319 1320 cle
2343 1285 2488 1338 tenta-

498 1342 694 1389 tionibus
719 1342 910 1389 Domini
934 1339 1087 1404 quoad
1110 1339 1280 1386 Divina
1302 1353 1426 1396 vera,
1462 1353 1569 1402 quae
1589 1339 1774 1403 propria
1795 1338 1990 1387 Domini
2013 1359 2028 1394 ;
2066 1290 2117 1385 ἃ
2141 1338 2244 1391 inde
2267 1351 2492 1401 voeantur

495 1407 604 1455 Offa
628 1415 744 1463 mea,
782 1407 832 1455 δε
856 1406 1007 1470 quoad
1034 1405 1264 1466 Divinum
1300 1404 1482 1462 Bonum
1519 1405 1648 1469 quod
1689 1406 1930 1470 proprium
1955 1405 2166 1462 Domini,
2201 1405 2252 1455 &
2276 1405 2382 1453 inde
2405 1421 2490 1454 vo-

497 1474 621 1521 c'atur
643 1489 720 1521 cor
745 1488 920 1527 meum,
956 1471 1101 1537 quod·
1132 1487 1212 1519 cor
1251 1470 1306 1519 fit
1344 1470 1536 1529 bonurn,
1572 1471 1783 1519 videatur
1807 1488 1836 1519 n
1865 1489 1876 1519 :
1914 1487 2059 1535 3313.
2106 1471 2268 1535 36353
2305 1471 2356 1519 δι
2382 1473 2491 1535 quia

498 1540 589 1587 offa
611 1539 860 1602 fignificant
880 1554 986 1585 vera
1004 1533 1093 1595 illa,
1129 1553 1237 1600 quae
1262 1552 1496 1584 numerare
1518 1535 1582 1585 est
1604 1553 1685 1601 per
1708 1538 1936 1585 ratiocinia
1961 1537 2011 1584 δε
2038 1536 2141 1584 fal-sa
2165 1538 2369 1602 diffipare
2391 1537 2487 1585 vel—

499 1604 539 1653 le
560 1627 574 1660 ;
611 1606 713 1651 ideo
736 1602 871 1652 etiarn
899 1602 1399 1665 immediatesequitur,
1435 1603 1563 1664 quod
1581 1602 1812 1650 diviserint
1835 1602 1979 1650 vestes
2005 1604 2054 1651 &
2095 1604 2227 1668 super
2248 1603 2489 1653 vestimen-

500 1682 603 1718 tum
623 1668 810 1733 jecerint
831 1669 1014 1725 sortem,
1050 1684 1155 1722 nam
1170 1668 1311 1714 vestes
1334 1669 1471 1714 etiam
1490 1666 1590 1714 sunt
1612 1683 1735 1723 vera,
1761 1668 1836 1715 sed
1854 1669 2087 1724 exteriora,
2124 1685 2175 1715 n:
2206 1684 2315 1734 ²97·
2347 1684 2488 1732 1073.

506 1752 531 1784 2
539 1737 654 1798 576,
690 1736 894 1793 dividere
918 1735 1011 1780 illas
1036 1730 1250 1795 &jacere
1271 1731 1438 1779 sortem
1466 1732 1598 1797 super
1630 1733 1972 1788 vestimentum,
2011 1733 2152 1780 simile
2187 1735 2399 1792 involvit,
2438 1746 2491 1781 ut
2516 1733 2518 1735 ’

508 1817 696 1866 quoque
741 1801 864 1864 apud
886 1796 1170 1858 Matthaeum
1221 1798 1353 1862 Cap':
1378 1804 1486 1846 x'vu
1510 1816 1520 1845 :
1550 1816 1626 1862 35.
1698 1799 1845 1862 Apud
1869 1798 2083 1846 Eundem
2129 1805 2164 1827 ‘⁶
2189 1801 2362 1847 Anima
2388 1815 2490 1848 mea

501 1863 670 1915 exultat
693 1868 739 1914 in
763 1866 988 1928 Jehovah,
1025 1857 1203 1912 laetetu'r'
1226 1865 1271 1910 in
1297 1863 1432 1911 salute
1460 1864 1620 1928 [pfius‚
1657 1866 1795 1911 omnia
1815 1863 1916 1927 Offa
1940 1880 2030 1911 mea
2051 1865 2215 1925 dicant,
2253 1866 2353 1928 quis
2376 1865 2490 1913 ficut

500 1935 616 1981 Tu'’
648 1931 826 1981 Psalm:
862 1947 1016 1980 xxxv:
1042 1949 1087 1996 9.
1113 1947 1188 1986 10,
1227 1929 1455 1977 manifeste
1479 1930 1605 1992 quod
1645 1930 1754 1976 Offa
1778 1930 1822 1976 in
1848 1929 2059 1994 spirituali
2090 1928 2211 1976 sensu
2237 1931 2322 1978 smt
2356 1931 2488 1978 intel·

502 1996 693 2046 leftuale
717 2000 973 2062 proprium.
1043 1996 1185 2059 Apud
1207 1996 1420 2043 Eundem
1448 1995 1660 2042 “Audire
1684 1995 1815 2043 facies
1841 2011 1916 2042 me
1934 1995 2156 2058 gaudium
2184 1997 2233 2043 &
2260 1997 2488 2054 laetitiam,

501 2065 750 2112 exultabunt
783 2063 883 2129 Offa
908 2062 1155 2110 contrivisti
1181 2062 1214 2082 '’
1241 2060 1417 2108 Psalm:
1447 2077 1528 2108 LI:
1563 2076 1636 2109 10.
1665 2054 1937 2108 'exultabunt
1957 2061 2066 2108 Offa
2089 2077 2196 2125 quae
2219 2064 2487 2118 contrivisti,

501 2147 588 2195 pro
611 2132 879 2178 recreatione
898 2145 979 2194 per
1000 2144 1106 2175 vera
1128 2127 1229 2191 post
1253 2129 1533 2175 tentationes.
1604 2127 1730 2196 Qia
1752 2128 1821 2174 Os
1848 2126 2126 2191 significabat
2148 2131 2393 2192 proprium¹
2417 2131 2489 2181 in-

502 2187 782 2253 telle&uale‚'
814 2195 886 2243 seu
917 2194 1156 2260 proprium
1196 2193 1351 2257 quoad
1375 2208 1554 2249 verum,
1591 2194 1641 2240 &
1673 2195 1720 2243 in
1759 2192 1972 2257 supremo
2011 2192 2134 2240 sensu
2157 2193 2382 2242 Divinum
2408 2211 2489 2243 ve·

502 2261 609 2309 rum
635 2262 765 2325 quod
786 2262 1029 2326 Proprium
1056 2259 1266 2316 Domini,
1303 2259 1406 2306 inde
1428 2276 1485 2307 ex
1507 2258 1920 2313 statutoPaschatis
1956 2271 2064 2319 erat,
2101 2261 2227 2323 quod
2252 2277 2342 2311 non
2367 2259 2490 2313 fran-

502 2341 659 2391 gerent
683 2328 750 2375 Os
768 2329 869 2390 agni
890 2325 1120 2391 paschalis,
1157 2325 1214 2372 de
1231 2340 1321 2388 qua
1343 2341 1390 2372 re
1413 2327 1475 2374 ita
1497 2325 1620 2390 apud
1645 2325 1812 2384 Mosen
1852 2332 1887 2355 “
1910 2325 1962 2372 In
1985 2325 2132 2373 domo
2158 2326 2247 2373 unzi
2273 2326 2502 2388 comede-7

501 2407 591 2450 tur,
628 2410 718 2440 non
757 2395 918 2441 educes
951 2409 976 2440 e
1012 2388 1157 2439 domo'
1195 2391 1251 2438 de
1275 2407 1407 2438 carne
1442 2390 1576 2448 foras,
1611 2390 1667 2439 δέ
1703 2408 1784 2439 non
1806 2380 2098 2455 Oerange‘tis
2120 2394 2166 2439 in
2189 2392 2269 2439 eo’·'
2317 2393 2489 2442 Exod:
2532 2408 2534 2410 ’

501 2458 575 2515 κἰι
599 2477 609 2506 :
635 2460 729 2519 463
766 2461 814 2506 ὅτ
855 2458 958 2506 alibi
991 2465 1028 2486 “‘
1054 2458 1164 2505 Non
1201 2456 1452 2520 relinquent
1475 2457 1533 2505 de
1557 2473 1611 2505 eo
1644 2455 1784 2522 usque
1808 2458 1864 2505 ad
1907 2473 2056 2512 mane,
2093 2457 2149 2506 ἐξ
2169 2459 2236 2506 Os
2249 2466 2336 2506 -non
2350 2461 2490 2524 fran-

497 2535 599 2588 gent
628 2526 677 2571 de
700 2525 779 2572 e0”
817 2524 1009 2572 Numb:
1042 2540 1126 2571 rx:
1158 2538 1230 2578 12,
1268 2524 1337 2570 Os
1358 2539 1447 2570 non
1470 2523 1690 2586 frangere,
1715 2527 1762 2571 in
1785 2523 1998 2588 supremo
2021 2522 2141 2571 sensu
2165 2541 2258 2591 pro.
2276 2542 2365 2574 non
2386 2527 2490 2574 vio-

505 2592 622 2636 olare
651 2591 823 2637 Verum
841 2591 1086 2645 Divinum,
1125 2589 1174 2635 δε
1200 2590 1243 2634 in
1267 2584 1389 2635 sensu
1425 2590 1789 2653 (epraesentativo
1806 2606 1892 2653 pro
1917 2605 2007 2636 non
2024 2590 2194 2637 violare
2209 2607 2379 2640 verum>
2406 2608 2501 2651 cu·.

509 2653 646 2720 jusvis
693 2655 819 2710 boni,
854 2656 985 2718 quale
1025 2655 1147 2701 enim
1172 2654 1279 2700 b'oni
1303 2653 1369 2716 &[
1397 2653 1545 2702 forma
1568 2655 1674 2702 boni
1697 2655 1770 2710 est‘r
1782 2671 1837 2701 ex
1877 2656 2012 2711 veris,
2050 2656 2099 2702 &
2124 2655 2488 2717 estverum'sus-

506 2721 784 2768 tentaculum
810 2721 935 2783 boni,
971 2720 1081 2766 ficut
1103 2719 1193 2766 offa
1225 2718 1324 2766 sunt
1347 2722 1507 2767 carnis.
1577 2721 1721 2784 Qiod
1744 2719 1976 2776 Verbum,
2009 2718 2137 2783 quod
2155 2716 2387 2785 estipsu‘m'
2408 2720 2505 2768 vet-³

510 2801 613 2832 rum
639 2786 881 2841 Divinum,
917 2785 1119 2848 vivificet
1158 2797 1377 2841 mortuos,
1413 2783 1776 2848 repraesentatum
1817 2785 1879 2832 est
1897 2792 1989 2849 ‘per
2012 2780 2138 2847 quod
2163 2787 2234 2840 vir
2259 2787 2488 2842 revixerit,

510 2852 559 2898 δε
587 2850 818 2897 surrexerit
853 2848 983 2911 super
1007 2849 1145 2912 pedes
1174 2849 1289 2905 suoe,
1325 2852 1405 2912 qui
1437 2849 1665 2913 c'onjecfftus
1698 2852 1743 2896 in
1780 2849 2066 2912 septilchrum
2099 2849 2251 2906 Elisaei
2292 2861 2489 2915 tangeret

509 2914 612 2980 Offa
650 2917 754 2979 ejus,
789 2938 790 2941 ¹
820 2933 870 2963 11
900 2917 1030 2978 Reg:
1067 2930 1200 2960 xm:
1248 2930 1303 2961 21
1330 2936 1344 2968 3
1402 2916 1527 2976 quod
1566 2913 1755 2974 Elisaeus
1800 2913 2187 2977 repraesentaverit
2220 2916 2483 2967 Dominum

508 2983 661 3046 quoad
687 2981 862 3028 Verum
886 2981 1110 3027 Divinum
1132 2977 1210 3036 scu
1247 2979 1461 3036 verbum‘,
1498 2978 1706 3026 videatur
1730 2995 1784 3026 n:
1816 2975 1959 3043 2762ss
2030 2981 2171 3038 Quod
2196 2983 2306 3031 Offa
2329 2985 2375 3031 in
2398 2983 2488 3050 'op-

508 3048 657 3112 pofito
691 3046 814 3094 sensu
839 3043 1087 3110 significent
1109 3042 1267 3091 falsum
1292 3046 1420 3107 quod
1453 3060 1509 3092 ex
1533 3046 1736 3108 proprio,
1771 3057 1894 3109 patet
1917 3047 1975 3098 ab
1997 3043 2065 3094 his
2085 3046 2193 3095 lo'cis
2216 3069 2230 3104 3
2261 3051 2499 3115 apudJe-v.

512 3114 700 3161 remiam
760 3120 793 3142 ‘⁶
812 3114 862 3160 In
907 3124 1114 3176 tempore
1147 3109 1224 3175 illo
1247 3110 1476 3158 extrahent
1498 3109 1598 3174 Offa
1617 3112 1780 3174 Regum
1800 3110 2004 3172 -Jehudae,
2042 3112 2092 3160 ὅτ
2117 3113 2218 3178 Οβᾶ
2244 3116 2489 3178 principum
2517 3129 2520 3133 ·

508 3180 612 3242 ejus,
647 3180 697 3228 ὅτ
711 3178 820 3244 ‘Offa
832 3176 1114 3244 sacerdotum,
1151 3176 1201 3223 &
1220 3173 1319 3240 Offiz
1337 3177 1661 3240 prophetarum,
1688 3178 1737 3225 &
1759 3175 1859 3242 Offa
1883 3177 2179 3228 habitatorum
2193 3177 2505 3246 Hierosoly'mae'

1607 3245 1626 3283 ἕ
2375 3263 2399 3295 a
2422 3246 2486 3295 se-
