2872 3730
601 183 946 254 CAPUT
992 190 1557 267 VIGESIMUM
1608 189 2153 278 QUARTUM.
2257 218 2393 284 197

401 325 556 383 tineat,
589 325 797 374 videatur
818 341 877 374 n:
904 329 1030 388 3078
1050 343 1068 379 3
1101 323 1273 378 omnia,
1306 338 1414 385 quae
1451 322 1533 379 ibi,
1581 320 1686 370 sunt
1716 319 1989 380 affeffiones,
2036 326 2301 375 consociatae
2343 329 2391 389 in

399 389 548 440 forma
570 389 1039 456 incomprehensibili3
1074 386 1176 434 sunt
1217 403 1403 450 quoque
1434 388 1516 436 fibi
1555 399 1723 436 mutuo
1767 385 2088 448 subordinatae,
2135 394 2237 440 sunt
2270 395 2393 442 enim

398 475 506 522 quae
529 458 797 514 ministrant,
830 457 883 504 &
914 469 1021 518 quae
1048 451 1357 508 famulantur;
1393 453 1620 502 societates
1642 453 1751 500 coeli
1774 454 1822 500 in
1842 454 1919 501 tali
1958 453 2110 503 forma
2143 457 2259 515 sunt,
2295 462 2395 509 imo

397 537 551 573 totum
576 524 778 579 coelum,.
801 521 1022 574 ordinatae
1050 535 1078 566 a
1098 520 1308 566 Domino
1331 518 1581 566 secundum
1603 517 1800 567 formam
1824 521 2047 568 Divinam
2068 538 2175 585 quae
2198 526 2244 570 in
2261 526 2391 588 Ipso,

395 589 543 639 forma
564 590 718 651 Regni
747 586 982 650 spiritualis
1003 586 1198 633 Domini
1219 584 1367 650 existit
1387 584 1636 632 secundum
1661 586 1993 635 ordinationem
2030 588 2321 638 affectionum
2345 594 2394 639 in

394 657 572 704 Divino
592 655 819 702 Humano
840 652 1001 714 Ipfius,
1036 651 1094 698 de
1129 666 1224 714 qua
1260 651 1543 698 ordinatione
1582 653 1630 698 in
1670 652 1758 700 hoe
1782 653 1943 716 Capite
1967 655 2016 701 &
2039 654 2085 701 in
2109 653 2394 718 sequentibus

394 724 443 770 in
463 720 584 768 sensu
607 721 784 766 interno
806 719 956 783 agitur
975 740 990 774 3
1016 717 1089 765 sed
1113 718 1377 781 pauciffima
1398 717 1516 775 sunt,
1540 734 1648 782 quae
1666 719 1725 766 ad
1746 732 1935 784 captum
1957 718 2171 784 explicari
2194 723 2393 785 possunt,

393 783 493 835 sunt
514 786 752 848 adaequata
771 785 1049 848 perceptioni
1071 785 1379 847 Angelorum.

460 867 605 917 3190.
640 852 706 900 Et
728 849 988 914 equitabant
1011 850 1141 914 super
1174 851 1371 907 camelis,
1406 851 1535 914 quod
1572 850 1798 914 fignificet
1837 852 2131 900 intellestuale
2164 854 2392 902 elevatum

390 918 521 983 super
555 917 797 966 scientifica
831 917 1062 974 naturalia,
1097 917 1272 964 constat
1307 933 1335 964 a
1362 916 1687 980 significatione
1723 918 1937 982 equitare,
1971 920 2100 983 quod
2137 920 2193 967 fit
2230 921 2394 969 elevari

389 985 545 1049 quoad
572 984 884 1041 intellefitualffi
919 983 979 1031 de
1012 998 1103 1047 qua
1140 999 1202 1031 n:
1231 983 1373 1047 2761.
1402 983 1566 1047 2762·,
1601 986 1652 1033 &c
1672 1001 1698 1032 a
1731 984 2057 1048 significatione
2092 986 2390 1045 camelorum,

389 1051 518 1115 quod
549 1051 636 1098 fint
673 1050 912 1098 scientifica
948 1050 1213 1099 communia
1242 1050 1290 1096 in
1324 1050 1515 1097 naturali
1550 1049 1753 1108 homine,
1789 1050 1848 1098 de
1869 1067 1960 1115 qua
1982 1069 2040 1099 n:
2069 1058 2212 1116 3048.
2241 1071 2388 1118 3071,

388 1118 452 1166 ita
482 1117 720 1166 scientifica
752 1116 980 1164 naturalia.
1050 1116 1146 1163 Res
1182 1117 1244 1163 ita
1274 1115 1316 1162 se
1338 1115 1490 1173 habet,
1525 1131 1636 1163 curn
1658 1118 1835 1164 Verum
1859 1134 1884 1164 e
1907 1119 2098 1165 naturali
2121 1119 2320 1167 elevatur
2344 1122 2392 1167 in

389 1183 619 1240 rationale,
654 1195 765 1231 tunc
789 1180 988 1229 aufertur
1009 1198 1035 1228 e
1052 1180 1230 1245 sphaera
1257 1180 1371 1229 lucis
1410 1182 1657 1247 mundanae
1694 1183 1741 1229 in
1781 1182 2004 1246 sphaeram
2037 1184 2149 1232 lucis
2180 1186 2390 1244 coelestis,

390 1253 454 1299 ita
474 1249 598 1314 quafi
618 1249 676 1296 ab
696 1247 888 1296 obscuro
911 1247 1055 1295 noctis
1092 1248 1141 1294 in
1169 1247 1342 1294 clarum
1372 1248 1496 1304 diei;
1532 1264 1639 1311 quae
1677 1249 1800 1296 enim
1838 1248 1941 1297 sunt
1977 1250 2091 1297 lucis
2126 1251 2306 1309 mundi,
2344 1256 2391 1300 in

390 1332 481 1381 qua
502 1315 604 1363 sunt
625 1316 780 1364 omnia
799 1314 1030 1370 naturalia,
1047 1312 1151 1360 sunt
1174 1313 1418 1377 respective
1439 1314 1553 1362 ficut
1575 1316 1623 1362 in
1645 1315 1795 1373 nocte,
1819 1328 1866 1363 at
1881 1332 1987 1379 quae
2007 1316 2111 1364 sunt
2128 1317 2240 1365 lucis
2265 1320 2389 1376 coeli,

389 1384 440 1432 in
463 1399 555 1448 qua
574 1381 679 1430 sunt
700 1380 977 1446 spiritualia,
994 1379 1098 1428 sunt
1129 1380 1371 1444 respective
1388 1380 1510 1428 ficut·
1522 1381 1570 1428 in
1593 1381 1667 1428 die
1685 1403 1701 1437 3
1736 1398 1872 1445 quare
1895 1399 2003 1430 cum
2027 1399 2188 1432 verum
2212 1400 2238 1431 e
2261 1399 2390 1433 natu-

389 1450 472 1498 rali
504 1449 705 1497 elevatur
741 1446 894 1495 versus
929 1447 1159 1504 rationale,
1193 1447 1336 1494 homo
1371 1447 1571 1496 elevatur
1609 1448 1746 1496 fimul
1783 1449 1832 1496 in
1867 1449 2230 1513 intelligentiam,
2265 1467 2318 1498 ac
2342 1454 2390 1498 in

290 1566 295 1571 ,
390 1517 653 1580 sapientiam
671 1537 688 1572 3
722 1514 873 1562 omnis
910 1514 1046 1561 etiam
1085 1512 1382 1575 intelligentia
1404 1514 1454 1561 ὅτ
1477 1512 1688 1577 sapientia
1709 1515 1834 1578 apud
1872 1515 2109 1563 hominem
2147 1516 2211 1563 est
2249 1518 2387 1567 inde:

389 1583 478 1633 tale
498 1581 776 1644 significatur
796 1594 878 1641 per
898 1578 1026 1641 quod
1049 1577 1346 1624 inteneetuale
1369 1579 1608 1626 elevatum·
1621 1579 1677 1626 fit
1698 1579 1831 1643 super
1852 1580 2090 1629 scientifica
2108 1583 2335 1630 naturalia.

456 1664 603 1713 3191·
638 1646 705 1693 Et
727 1644 851 1692 ibant
881 1642 987 1707 post
1006 1644 1179 1700 virum,
1212 1643 1341 1706 quod
1378 1643 1603 1707 fignificet
1640 1660 1698 1692 ex
1733 1645 1929 1708 auspicio
1950 1648 2111 1694 Divini
2132 1649 2229 1695 veri
2258 1660 2391 1698 natu-

388 1713 511 1772 ralis,
545 1710 719 1760 constat
739 1726 796 1758 ex
818 1708 1144 1773 significatione
1166 1709 1230 1756 ire
1252 1708 1354 1773 post
1376 1708 1451 1757 seu
1474 1709 1614 1776 sequi,
1649 1711 1779 1774 quod
1801 1712 1847 1759 in
1871 1711 1997 1759 sensu
2019 1714 2198 1762 interno
2227 1714 2301 1762 hic
2337 1716 2394 1764 fit

387 1797 447 1830 ex
478 1778 621 1828 dustu
654 1777 731 1826 seu
759 1774 988 1840 auspicio;
1034 1776 1086 1824 &
1124 1791 1184 1823 ex
1204 1775 1552 1840 'fignificatione
1590 1779 1694 1835 viri,
1746 1778 1876 1843 quod
1910 1778 1966 1849 git
2003 1795 2184 1838 verum,
2220 1782 2277 1829 de
2299 1798 2393 1846 qua

389 1863 452 1898 n:
478 1861 625 1910 3134,
660 1845 735 1893 hie
760 1844 987 1891 Divinum
1009 1842 1187 1891 Verum
1210 1843 1425 1901 naturale,
1460 1856 1515 1892 ut
1536 1843 1667 1909 supra
1690 1861 1752 1893 n:
1777 1850 1923 1909 3184.
2319 1901 2333 1908 ,

462 1928 605 1977 3192.
640 1911 706 1958 Et
726 1910 900 1972 accepit
931 1908 1084 1956 servus
1105 1908 1364 1958 Rebeccam
1386 1911 1437 1959 δτ
1460 1912 1562 1968 ivit,
1596 1912 1724 1975 quod
1758 1912 1980 1975 fignificet
2009 1913 2137 1976 quod
2160 1915 2390 1962 Divinum

388 1980 567 2028 bonum
588 1976 786 2024 naturale
809 1975 1018 2032 initiaret,
1053 1974 1225 2023 constat
1247 1993 1273 2024 a
1294 1976 1624 2040 significatione
1648 1977 1777 2036 servi,
1812 1979 1941 2043 quod
1975 1979 2029 2026 fit
2050 1981 2280 2027 Divinum
2305 1981 2389 2029 bo-

308 2068 311 2070 ·
389 2061 505 2095 num
545 2042 761 2099 naturale,
795 2053 850 2088 ut
887 2039 1018 2104 supra
1046 2057 1112 2090 tn:
1140 2046 1304 2106 31843
1339 2045 1391 2090 &
1419 2059 1445 2090 a
1471 2044 1795 2108 significatione
1833 2047 2033 2109 accipere
2057 2046 2314 2094 Rebeccam
2338 2049 2391 2096 ὅτ

388 2114 471 2169 ire,
517 2109 647 2174 quod
681 2107 736 2156 fit
768 2108 958 2164 initiare,
1005 2122 1172 2172 nempe
1208 2108 1495 2157 introducere
1526 2111 1584 2158 ad
1607 2110 1897 2173 Jischakum,
1932 2114 2020 2159 hoc
2059 2112 2137 2170 est,
2173 2113 2230 2160 ad
2254 2115 2391 2160 Divi-

388 2194 511 2227 num·
526 2178 712 2224 Bonum
748 2176 796 2222 in
835 2173 1078 2230 Rationali,
1113 2185 1167 2221 ut
1203 2174 1404 2222 constare
1434 2175 1600 2238 potest,
1634 2176 1797 2240 absque
1833 2179 2043 2226 ulteriore
2076 2179 2388 2243 explicatione.

383 2245 485 2299 ‚Res
506 2245 569 2290 ita
590 2242 632 2289 se
654 2241 807 2297 habet,
841 2240 1017 2287 Verum
1041 2256 1067 2287 e
1091 2240 1279 2288 naturali
1300 2241 1360 2288 ad
1383 2241 1558 2290 bonum
1592 2243 1640 2289 in
1679 2244 1882 2291 rationali
1913 2261 2006 2291 non
2030 2248 2185 2307 potuit
2207 2245 2387 2303 elevari,

390 2309 471 2357 nifi
494 2323 574 2372 per
594 2308 826 2355 Divinum
848 2306 1024 2352 Verum
1045 2306 1097 2353 &
1122 2307 1349 2354 Divinum
1373 2308 1577 2366 Bonum,
1612 2321 1860 2373 utrumque
1890 2311 2086 2357 naturale
2106 2333 2121 2366 3
2159 2312 2388 2359 Divinum

389 2375 568 2422 Verum
590 2371 805 2428 naturale,
838 2371 967 2433 quod
987 2371 1075 2417 Vir
1094 2371 1289 2428 dietum,
1325 2373 1450 2420 viam
1490 2374 1756 2421 monstrabit
1777 2391 1828 2421 ac
1853 2375 2006 2431 ducet,
2041 2376 2269 2423 Divinum
2296 2379 2388 2424 Bo·

389 2456 504 2489 num
544 2438 757 2495 naturale,
792 2436 920 2500 quod
958 2436 1124 2483 Servus
1168 2449 1377 2495 vocatur,
1411 2439 1669 2486 introducet
1707 2440 1758 2487 &
1796 2440 2022 2495 initiabit;
2073 2440 2175 2488 sunt
2209 2442 2298 2499 illa,
2334 2454 2388 2491 ut

388 2508 696 2570 comparative
734 2504 927 2559 dicatur,
962 2501 1077 2549 ficut
1113 2503 1235 2551 binae
1269 2503 1352 2550 alae
1392 2520 1499 2567 quae
1534 2505 1741 2553 elevant:
1778 2504 1853 2553 sed
1876 2505 1974 2553 haec
1999 2505 2176 2569 plenius
2199 2508 2255 2554 ad
2280 2525 2386 2572 cap-

389 2585 494 2621 tum
515 2570 663 2618 adhuc
686 2585 780 2617 non
802 2568 984 2632 poffunt
1006 2568 1236 2631 explicari,
1272 2569 1506 2617 sciendum
1529 2571 1655 2634 prius
1682 2572 1783 2628 erit,
1819 2572 1932 2635 quid
1957 2573 2183 2619 Divinum
2206 2574 2385 2622 Verum

388 2637 604 2693 naturale,
640 2637 691 2683 ὅτ
726 2634 841 2698 quid
863 2634 1092 2689 Divinum
1115 2635 1299 2682 Bonum
1322 2635 1552 2692 naturale3
1588 2638 1635 2683 in
1658 2637 1959 2701 sequentibus,
1995 2637 2074 2685 ubi
2096 2639 2152 2686 de
2168 2639 2385 2704 Josepho,

388 2705 448 2753 de
471 2704 558 2753 illis
578 2704 626 2750 in
649 2700 771 2749 sensu
793 2701 969 2748 interno
994 2701 1156 2763 agitur.
2032 2742 2034 2744 .

460 2787 602 2835 3193.
638 2765 760 2815 vers
764 2786 776 2815 ε
803 2768 881 2816 62.
908 2766 937 2813 6
941 2783 985 2829 3.
1020 2768 1087 2815 Et
1107 2767 1290 2831 Jischak
1320 2769 1442 2816 venit
1467 2785 1497 2815 a
1518 2767 1718 2817 veniendo
1740 2769 1992 2817 Beerlachai
2018 2772 2101 2828 roi,
2137 2771 2193 2821 ὅ)
2213 2772 2283 2820 ille
2304 2774 2385 2821 ha-

388 2837 531 2885 bitans
552 2838 599 2882 in
620 2844 740 2882 terra
759 2832 959 2880 meridiei.
1029 2834 1095 2881 Et
1117 2835 1255 2881 exivit
1275 2834 1457 2898 Jzschak
1491 2835 1551 2883 ad
1576 2835 1857 2884 meditandum
1879 2839 1926 2883 in
1948 2852 2052 2900 agro
2072 2838 2220 2902 versus
2241 2841 2383 2903 vespea

388 2919 501 2960 ram,
537 2901 593 2951 &
610 2899 784 2963 sustulit
811 2899 946 2947 oculos
966 2899 1086 2962 filos,
1120 2900 1177 2949 &3
1199 2901 1333 2958 vidit,
1367 2900 1423 2949 ἔθ’
1455 2917 1542 2948 ecce
1577 2902 1724 2949 cameli
1756 2904 1981 2952 venientes.
2052 2903 2237 2964 Jischak
2260 2908 2386 2954 venit

389 2980 416 3015 a
436 2967 662 3016 veniendo
684 2965 937 3014 Beerlachai
960 2966 1045 3023 roi,
1079 2964 1300 3029 fignificat
1322 2967 1550 3014 Divinum
1575 2969 1758 3015 Bonum
1794 2969 2030 3017 Rationale
2069 2985 2126 3017 ex
2163 2970 2267 3034 Ipso
2299 2973 2383 3019 Di-

389 3035 501 3080 vino
521 3034 645 3096 Vero
675 3044 835 3080 natum
855 3050 867 3080 ε
903 3032 953 3079 &
978 3031 1051 3079 ille
1074 3031 1279 3080 habitans
1300 3033 1348 3079 in
1377 3044 1491 3080 terra
1514 3035 1735 3088 meridiei,
1771 3034 1993 3097 fignificat
2015 3036 2121 3082 inde
2143 3037 2189 3082 in
2212 3038 2384 3085 Divina

392 3098 524 3146 luce:
557 3099 623 3145 Et
642 3096 785 3146 exivit
806 3096 994 3159 jischak
1029 3098 1086 3146 ad
1125 3099 1442 3147 meditandum
1471 3101 1518 3147 in
1540 3116 1667 3163 agro,
1702 3100 1923 3163 fignificat
1946 3102 2194 3149 Rationalis
2216 3102 2378 3150 statum

391 3165 440 3211 in
461 3161 613 3212 bono:
647 3163 805 3213 versus
820 3162 1068 3228 vesperam,
1102 3164 1327 3229 fignificat
1361 3165 1603 3232 respective
1640 3166 1697 3216 ad
1728 3167 1802 3216 illa
1823 3183 1930 3232 quae
1952 3166 2097 3217 infra:
2133 3168 2183 3217 &
2206 3167 2379 3280 sustullit

407 3266 411 3269 »
2220 3248 2308 3281 ocu
2328 3249 2378 3282 os
