2872 3730
565 242 924 307 ,CAPUT
976 207 1550 303 νΙοΕεΙ-ΜυΜ
1591 235 2131 324 QUARTUM.
2235 242 2398 330 ,185

394 377 486 443 ipsa
509 381 699 443 agnitio,
735 394 817 442 per
854 376 969 424 hanc
1007 373 1061 421 fit
1101 373 1316 435 receptiO,
1351 373 1403 421 δε
1426 370 1615 437 quidem
1647 386 1672 418 a
1694 369 1944 425 voluntate,
1982 388 2085 418 nam
2118 371 2179 419 ibi
2211 371 2275 419 est
2314 372 2396 419 bo-

395 462 540 494 num:
577 447 628 494 &
656 444 841 509 quando
872 455 1034 489 verum
1070 439 1179 486 fidei
1217 451 1456 501 receptum
1492 437 1558 484 est
1578 454 1603 484 a
1625 437 1876 493 voluntate,
1914 435 1987 483 seu
2026 438 2153 500 quod
2194 439 2334 496 idem,
2367 455 2397 486 a

393 511 533 568 bono,
569 524 679 559 tunc
699 509 763 557 est
794 509 936 555 homo
969 516 1271 569 regeneratus,
1307 520 1417 551 nam
1455 515 1567 551 tunc
1609 519 1770 550 verum
1803 503 1868 550 est
1908 501 2033 560 boni,
2069 503 2141 550 seu
2182 504 2293 551 fides
2331 504 2395 551 est

390 578 631 633 charitatis,
668 575 741 622 seu
762 573 913 636 quoad
938 574 1082 618 vitam
1117 571 1208 635 ipsa
1238 570 1443 627 charitas,
1479 587 1538 616 n:
1567 587 1708 632 3121.
2023 572 2026 574 ’

462 646 605 706 3158.
641 640 841 688 Iudicate
878 638 1008 694 mihi,
1047 640 1096 686 &
1132 638 1166 684 fi
1202 654 1312 693 non,
1348 637 1541 684 indicate
1583 636 1713 693 mihi,
1749 634 1876 699 quod
1915 635 2141 700 significet
2180 635 2393 683 delibera-

393 709 529 758 tionis
563 721 724 754 eorum
762 705 928 752 statum
971 703 1183 762 liberum,
1218 717 1342 767 patet
1379 719 1436 750 ex
1468 700 1591 750 sensu
1615 702 1878 750 verborum.
1950 703 2027 749 Ex
2050 701 2263 749 omnibus
2290 718 2396 765 quae

383 766 677 839 praecedunt,
711 770 902 828 constat,
939 770 1067 835 quod
1107 787 1214 834 quae
1246 771 1295 818 in
1329 769 1453 817 sensu
1488 770 1631 816 literae
1670 770 1717 816 in
1757 768 1845 815 hoc
1869 769 2032 833 Capite
2065 780 2208 831 agunt
2239 767 2295 814 de
2318 768 2395 815 de-

393 838 671 904 sponsatione
707 839 759 886 δε
795 835 1016 901 conjugio
1048 837 1273 886 Rebeccae
1311 852 1421 884 cum
1453 835 1700 897 Jischako,
1725 836 1771 881 in
1802 834 1923 880 sensu
1958 836 2135 882 interno
2166 847 2301 898 agant
2341 835 2400 881 de

390 906 642 954 initiatione
673 905 724 953 ὅτ
757 902 1075 968 conjunctione
1106 904 1214 952 boni
1235 904 1286 951 δε
1310 904 1423 959 veri,
1458 901 1523 950 est
1545 903 1666 949 enim
1692 902 1884 949 initiatio
1920 899 2182 965 conjunctio
2217 902 2310 948 veri
2347 902 2397 948 δε

392 971 502 1020 boni
538 971 776 1035 spiritualis
798 969 1079 1034 desponsatio
1099 972 1151 1019 &
1175 969 1400 1033 spirituale
1433 966 1703 1032 conjugium
1723 986 1735 1016 :
1773 967 1996 1016 utrobivis
2019 968 2262 1031 requiritur
2285 967 2397 1014 deli-

378 1037 632 1097 berationis
672 1037 809 1086 status
847 1037 991 1093 liber3
1025 1037 1154 1101 quod
1194 1039 1242 1084 in
1278 1034 1616 1100 desponsatione
1655 1036 1706 1084 δε
1745 1032 1982 1098 conjugio,
2030 1048 2194 1082 notum
2231 1033 2311 1091 est,
2355 1046 2402 1081 at

392 1105 522 1170 quod
544 1106 591 1151 in
615 1106 865 1152 initiatione
894 1105 946 1152 δε
968 1102 1288 1168 conjunctione
1309 1102 1416 1151 boni
1440 1103 1490 1150 δε
1512 1102 1624 1159 veri,
1661 1118 1754 1149 non
1788 1103 1849 1149 ita
1872 1114 2036 1149 notum
2059 1100 2139 1158 est,
2175 1102 2282 1164 quia
2307 1117 2398 1148 non

393 1172 451 1221 ad
490 1171 735 1219 naturalem
774 1171 1010 1218 hominem
1043 1181 1241 1233 apparet,
1278 1170 1327 1217 δε
1363 1170 1468 1232 quia
1507 1169 1621 1215 inter
1661 1167 1739 1214 illa
1772 1166 1891 1225 sunt,
1935 1184 2042 1232 quae
2080 1168 2198 1214 fiunt
2236 1166 2399 1231 absque

394 1237 524 1301 quod
545 1236 690 1284 homo
721 1237 936 1293 reflectat,
971 1235 1112 1299 usque
1153 1248 1305 1282 tamen
1347 1235 1604 1298 unoquovis
1640 1246 1880 1282 momento
1920 1234 2085 1291 existit,
2121 1249 2230 1281 cum
2257 1234 2400 1281 homo

396 1301 668 1352 reformatur
689 1302 742 1350 &
764 1314 1065 1366 regeneratur,
1100 1318 1267 1364 nempe
1306 1301 1436 1365 quod
1475 1302 1521 1348 in
1559 1299 1674 1348 statu
1698 1300 1839 1348 libero
1861 1300 1931 1358 fit,
1967 1317 2077 1348 curn
2099 1316 2263 1348 verum
2290 1316 2399 1347 con-

388 1366 605 1434 jungitur
640 1369 777 1417 bono.
848 1368 1172 1432 Unusquisque
1193 1368 1301 1415 scire
1321 1366 1487 1431 potest,
1524 1366 1558 1414 fi
1580 1366 1725 1431 modo
1748 1368 1990 1431 expendat,
2026 1366 2154 1431 quod
2177 1366 2400 1430 nusquam

397 1436 574 1500 aliquid
595 1435 651 1483 fit
671 1435 888 1492 hominis,
926 1448 978 1483 ut
999 1435 1151 1498 ipsius,
1187 1434 1268 1482 nisi
1307 1435 1362 1482 s1t
1399 1432 1496 1498 ejus
1530 1433 1809 1490 voluntatis;
1845 1433 1971 1497 quod
2009 1433 2156 1481 solum
2180 1433 2243 1480 est
2266 1434 2400 1481 intel-

395 1501 555 1558 lectus,
590 1518 682 1562 non
705 1502 759 1549 fit
780 1501 995 1564 hominis,
1030 1500 1293 1564 priusquam
1316 1502 1452 1548 etiam
1475 1500 1531 1547 fit
1559 1498 1653 1562 ejus
1677 1500 1940 1555 voluntatis,
1976 1516 2084 1561 nam
2105 1516 2211 1563 quae
2233 1499 2398 1546 volun-

396 1569 500 1615 tatis
523 1567 642 1624 sunt,
677 1566 959 1614 constituunt
996 1566 1194 1613 hominis
1226 1566 1311 1612 effe
1332 1567 1460 1620 vitae,
1495 1581 1603 1628 quae
1632 1578 1784 1612 autem
1810 1566 2083 1622 intellectus,
2118 1565 2400 1612 constituunt

396 1630 494 1696 ejus
526 1632 712 1680 existere
741 1633 854 1679 vitae
885 1631 1024 1687 inde3
1061 1629 1296 1678 consensus
1332 1646 1390 1678 ex
1419 1630 1514 1678 solo
1545 1631 1773 1679 intellectu
1803 1648 1896 1678 non
1936 1631 1999 1678 est
2038 1631 2290 1687 consensuS,
2326 1630 2403 1678 sed

339 1707 341 1709 ’
395 1699 548 1746 omnis
576 1696 811 1746 consensus
843 1695 906 1744 est
933 1713 993 1744 ex
1014 1697 1283 1754 voluntate;
1318 1708 1594 1761 quapropter
1617 1697 1698 1744 nist
1721 1713 1883 1745 verum
1907 1697 2031 1754 fidei,
2068 1698 2197 1761 quod
2236 1697 2300 1744 est
2331 1698 2400 1743 in-

387 1764 615 1822 -telleftus,
650 1764 890 1828 recipiatur
909 1780 936 1812 a
955 1763 1080 1813 bono
1099 1764 1287 1822 amoris,
1320 1764 1450 1828 quod
1486 1762 1552 1811 est
1587 1763 1851 1821 voluntatis,
1889 1762 2114 1828 nusquam
2150 1763 2215 1811 est
2239 1779 2403 1813 verum

395 1831 524 1896 quod
564 1831 792 1897 agnitum,
828 1831 891 1879 ita
925 1846 1019 1879 non
1052 1830 1117 1879 est
1155 1831 1306 1888 fides;
1341 1843 1395 1878 ut
1417 1846 1527 1878 vero
1564 1832 1806 1895 recipiatur
1844 1847 1869 1878 a
1908 1831 2048 1887 bono,
2084 1830 2211 1895 quod
2236 1830 2404 1878 volun-

398 1899 519 1953 tatis,
554 1897 778 1945 necessum
818 1897 900 1954 est,
934 1909 987 1944 ut
1023 1897 1079 1945 fit
1104 1897 1253 1945 ‚status
1292 1897 1434 1955 liber;
1482 1910 1622 1946 omne
1654 1897 1784 1961 quod
1817 1897 2061 1945 voluntatis
2093 1896 2174 1954 est,
2210 1897 2298 1946 hoc
2321 1914 2403 1962 ap-

398 1974 524 2027 paret
547 1962 760 2020 liberum,
795 1962 889 2027 ipse
928 1963 1066 2012 status
1094 1964 1342 2012 voluntatis
1376 1963 1440 2012 est
1477 1963 1674 2022 libertas,
1708 1980 1813 2013 nam
1839 1964 1967 2028 quod
1990 1963 2115 2021 volo,
2152 1964 2238 2012 hoc
2262 1965 2403 2028 eligo,

396 2031 486 2078 hoc
516 2028 739 2088 desidero,
774 2030 882 2093 quia
919 2030 1006 2078 hoc
1045 2046 1167 2087 amo,
1202 2031 1253 2079 δε
1286 2030 1483 2095 agnosco
1519 2043 1572 2079 ut
1608 2031 1816 2088 bonum·,
1853 2031 1958 2079 inde
1997 2030 2197 2079 constare
2237 2030 2401 2094 potest,

395 2095 526 2161 quod
548 2111 728 2153 verum,
762 2094 891 2159 quod
924 2096 1049 2154 fidei,
1085 2095 1307 2160 nusquam
1343 2098 1424 2145 fiat
1461 2097 1660 2146 hominis
1693 2111 1746 2146 ut
1770 2097 1925 2162 ipfius,
1961 2097 2223 2162 priusquam
2246 2114 2399 2161 recep-

396 2175 500 2210 tum
524 2161 589 2210 est
611 2179 637 2210 a
656 2162 906 2220 voluntate,
942 2163 1030 2211 hoc
1063 2163 1143 2220 est,
1179 2165 1407 2212 initiatum
1432 2164 1482 2212 &
1505 2162 1806 2229 conjunffitum
1846 2163 1969 2213 bono
2005 2165 2085 2223 ibi,
2124 2166 2171 2212 δε
2197 2165 2328 2228 quod
2352 2164 2399 2211 id

397 2245 493 2278 non
514 2228 613 2277 fieri
633 2230 770 2293 poffit
792 2228 872 2276 nifi
896 2230 944 2277 in
977 2229 1090 2277 statu
1121 2229 1276 2278 libero.

469 2312 614 2359 3159.
649 2295 715 2342 Et
736 2294 945 2358 spectabo
966 2296 1024 2344 ad
1046 2296 1253 2344 dextram
1276 2297 1350 2344 vel
1370 2297 1425 2346 ad
1449 2296 1686 2355 sinistram,
1721 2297 1850 2362 quod
1869 2297 2091 2361 significet
2114 2296 2306 2344 liberum
2332 2312 2398 2344 re-

396 2360 659 2424 ciprocum,
691 2359 890 2407 constare
923 2361 1071 2424 potest
1109 2362 1273 2425 absque
1309 2364 1621 2426 explicatione.
1693 2365 1787 2411 Res
1818 2366 1878 2410 ita
1917 2363 1958 2410 se
1988 2363 2138 2419 habet,
2176 2362 2351 2410 bonum
2375 2379 2400 2410 a

396 2426 610 2475 Domino
631 2441 712 2489 per
733 2426 968 2473 Internum
1002 2427 1240 2475 hominem
1266 2430 1499 2487 <continue
1534 2429 1684 2476 influit
1718 2430 1765 2475 in
1798 2430 2076 2484 Externum,
2110 2429 2230 2475 acin
2253 2429 2403 2492 prima

399 2505 532 2542 aetate
563 2492 610 2540 in
632 2491 840 2539 Externo
861 2491 1049 2540 homine
1080 2506 1263 2558 apparet
1292 2493 1374 2542 sub
1405 2493 1548 2558 specie
1575 2493 1821 2543 affectionis
1842 2495 1972 2550 veri;
2007 2506 2229 2558 quantum
2254 2495 2399 2542 homo

399 2557 567 2624 speQat
587 2557 763 2606 bonum
782 2558 964 2606 coe'leste
986 2560 1038 2606 &
1060 2558 1299 2623 spirituale,
1335 2572 1388 2608 ut
1409 2561 1568 2617 finem,
1603 2572 1782 2609 tantum
1805 2577 1967 2608 verum
1990 2562 2193 2608 initiatur
2214 2562 2264 2609 δε
2289 2577 2398 2608 con-

388 2623 605 2691 jungitur
639 2622 777 2681 bono,
814 2624 889 2671 seu
926 2625 1054 2688 quod
1094 2625 1237 2683 idem,
1271 2638 1453 2674 tantum
1486 2627 1666 2675 affectio
1697 2628 1793 2674 veri
1825 2627 2051 2675 affectioni
2080 2627 2218 2682 boni3
2255 2643 2397 2690 quan-

397 2705 502 2741 tum
540 2702 693 2740 autern
731 2691 874 2739 homo
911 2690 1076 2755 spectat
1116 2691 1291 2740 bonum
1331 2694 1592 2757 proprium,
1628 2695 1690 2741 ita
1711 2692 1753 2740 se
1777 2695 1827 2741 δε
1860 2693 2108 2751 mundum,
2146 2705 2198 2742 ut
2237 2694 2396 2750 finem,

308 2776 310 2778 ’
391 2770 576 2806 tantum
621 2757 797 2806 bonum
828 2755 1014 2815 'coeleste
1052 2758 1103 2806 ὅτ
1142 2758 1368 2823 spirituale
1407 2760 1608 2816 recedit3
1644 2759 1731 2807 hoc
1762 2759 1826 2807 est
1862 2759 2056 2807 liberum
2095 2761 2397 2824 reciprocum,

394 2824 527 2890 quod
548 2823 827 2887 significatur
848 2840 929 2888 per
962 2823 1152 2888 spectare
1173 2826 1231 2874 ad
1253 2826 1462 2874 dextram
1487 2826 1559 2874 vel
1593 2826 1651 2873 ad
1674 2825 1906 2874 sinistram.

468 2891 612 2955 3160.
647 2891 713 2940 Et
734 2890 964 2955 respondit
985 2891 1144 2939 Laban
1167 2893 1217 2941 &
1240 2892 1447 2950 Bethuel,
1483 2893 1535 2941 δε
1557 2893 1786 2950 dixerunt,
1822 2910 1846 2940 a
1870 2892 2077 2954 jehovah
2114 2894 2258 2940 exivit
2295 2909 2397 2940 ver-

395 2956 532 3014 bum,
564 2972 662 3004 non
684 2957 918 3020 poffumus
942 2958 1069 3022 loqui
1099 2960 1155 3006 ad
1190 2971 1234 3007 te
1268 2959 1442 3006 malum
1465 2959 1540 3007 vel
1563 2959 1756 3017 bonurn,
1791 2960 1919 3024 quod
1949 2959 2172 3023 significet
2202 2961 2396 3022 agnitio-

398 3039 525 3086 nem,
558 3023 687 3086 quod
718 3023 851 3071 solius
882 3025 1076 3072 Domini
1111 3025 1231 3084 effet,
1266 3025 1467 3073 constare
1503 3026 1651 3090 potest
1687 3026 1744 3073 ab
1780 3026 2076 3090 explicatione
2113 3025 2396 3089 singulorum

400 3087 646 3136 verborum
674 3090 827 3153 quoad
859 3089 1032 3138 sensum
1067 3093 1314 3150 internum,
1349 3091 1424 3139 sed
1448 3093 1576 3156 quod
1599 3093 1686 3140 hoc
1716 3091 1981 3140 conclusum
2004 3092 2186 3140 illorum
2212 3093 2280 3147 sit,
2317 3108 2395 3153 pa-

403 3164 470 3200 tet
491 3152 652 3215 absque
672 3155 779 3204 illa:
813 3173 840 3203 a
861 3157 1071 3217 Jehovah
1108 3160 1249 3206 exivit
1288 3158 1499 3216 verbum,
1535 3160 1662 3222 quod
1687 3159 1740 3206 fit
1761 3176 1784 3205 a
1806 3159 2030 3215 Domino,
2067 3158 2254 3212 constat,
2290 3158 2397 3218 quia

402 3233 485 3283 per
507 3217 731 3280 jehovam
769 3223 900 3270 toties
936 3225 984 3270 in
1007 3225 1162 3274 Veteri
1184 3224 1479 3274 Testamento
1502 3227 1805 3282 nominatum,
1842 3223 2064 3288 nusquam
2095 3224 2204 3271 alius
2238 3221 2399 3278 intelli-

1395 3293 1445 3339 A
1478 3307 1504 3341 a
2272 3298 2408 3353 gatar
