2904 3750
605 216 943 284 CAPUT
987 217 1559 289 VIGESIMUM
1603 168 2116 283 ocTAvuM.
2232 240 2369 302 431

355 351 549 402 affociari
573 351 624 402 &
647 350 904 418 conjungi,
939 350 1046 400 inde
1066 362 1208 416 patet,
1243 349 1372 415 quod
1408 365 1490 414 per
1525 348 1626 397 haec
1666 365 1776 398 cum
1814 348 1900 397 illis
1940 367 2046 414 quae
2085 368 2195 401 mox
2217 354 2366 417 supra,

354 420 633 484 significetur
658 417 922 486 conjunfflo
945 418 1158 482 boni'per
1178 415 1382 464 Esavum
1406 415 1709 479 repraesentati
1730 431 1838 463 curn
1862 432 1972 464 vero
1994 435 2050 465 ex
2084 421 2258 483 origine
2282 422 2368 468 Di·

355 489 478 544 vina,
514 487 576 535 ita
615 501 725 534 cum
765 485 1001 533 affectione
1039 485 1136 531 veri
1173 481 1367 530 coelestis
1396 482 1593 529 interius.
1666 482 1927 546 Qiomodo
1963 484 2062 532 haec
2102 484 2143 531 se
2184 487 2365 544 habent,

352 554 543 618 quidem
579 554 706 617 prius
744 551 943 607 dietum,
992 546 1068 598 sed
1109 549 1212 597 talia
1251 547 1368 604 sunt,
1419 564 1526 612 quae
1563 564 1687 612 aegre
1731 549 1900 597 cadunt
1946 549 2028 597 sub
2068 551 2365 609 intellestum,

352 618 573 684 quamdiu
596 617 965 666 communissima
989 613 1122 680 hujus
1146 616 1209 663 rei
1240 613 1514 671 nesciuntur,
1550 615 1600 662 ὅτ
1624 628 1839 679 praeterea
1862 616 1966 663 talia
1990 617 2191 665 mundus
2229 618 2364 667 hodie

354 702 446 734 non
470 697 614 741 curat,
648 685 756 748 quia
793 682 1013 731 terrestria
1042 682 1145 730 sunt
1180 698 1287 746 quae
1318 683 1358 729 ei
1383 697 1523 738 curae,
1560 698 1653 729 non
1685 695 1838 730 autem
1873 683 2087 741 coelestia,
2124 686 2363 748 quoniam,

352 753 466 800 ficut
485 767 672 819 quoque
695 750 881 807 dicitur,
917 749 993 797 illa
1017 747 1176 797 vident
1202 752 1250 796 ὅτ
1275 748 1438 805 sciunt,
1475 749 1573 796 haec
1599 761 1752 796 autern
1782 765 1876 797 non
1899 750 2059 798 vident
2083 767 2164 798 nec
2189 752 2331 799 sciunt
2348 775 2364 808 ;

351 831 398 866 at
434 820 542 882 quia
581 833 674 864 non
715 817 859 864 modo
899 817 1152 880 detegenda
1188 815 1306 872 sunt,
1342 831 1449 879 quae
1473 818 1519 863 in
1538 815 1679 863 Verbi
1704 815 1826 863 sensu
1850 818 2028 865 interno
2052 819 2362 875 continentur,

351 885 425 933 sed
462 885 599 932 etiam
639 883 918 947 explicanda,
955 883 1060 931 licet
1098 883 1312 947 exemplo
1352 882 1584 939 illustrare,
1620 883 1861 946 quomodo
1885 883 1926 931 se
1949 884 2082 932 habet
2106 900 2213 932 cum
2255 885 2367 932 boni

347 967 457 1000 vero
494 950 622 1016 quod
663 950 782 999 Esau
821 949 1123 1015 repraesentat,
1159 951 1208 998 δε
1232 964 1342 997 cum
1380 949 1503 996 bono
1531 951 1629 996 veri
1668 949 1796 1013 quod
1821 950 1983 1011 Jacob,
2021 952 2071 999 δε
2094 950 2227 998 fimul
2248 968 2359 999 cum

277 1072 280 1078 ν
346 1033 419 1075 eo,
455 1017 584 1082 quod
608 1017 784 1066 bonum
810 1018 904 1065 veri
928 1017 981 1064 fit
1005 1016 1233 1064 inversum
1259 1016 1318 1063 ad
1342 1016 1451 1064 boni
1475 1031 1656 1072 verum,
1691 1029 1935 1080 antequam
1976 1030 2261 1082 regeneratus
2294 1017 2360 1065 est

347 1085 507 1142 homo,
544 1097 591 1132 at
611 1084 911 1149 postmodum
936 1083 1063 1148 quod
1098 1081 1356 1146 conjuncta,
1394 1083 1457 1130 ita
1480 1099 1588 1130 cum
1614 1082 1702 1129 illis
1722 1099 1829 1146 quae
1851 1083 2063 1131 hactenus
2087 1084 2207 1132 dieta
2230 1083 2329 1132 sunt
2344 1104 2362 1133 :·

276 1172 279 1176 ¹
349 1151 404 1199 fit
436 1168 521 1216 pro
550 1151 795 1215 exemplo,
832 1151 976 1198 homo
997 1151 1078 1214 qui
1102 1150 1200 1197 talis
1223 1149 1304 1207 est,
1339 1162 1391 1196 ut
1415 1150 1660 1213 regenerari
1682 1151 1832 1213 poffit,
1868 1150 1955 1197 hoc
1987 1152 2109 1198 enim
2135 1152 2360 1214 praevidet

347 1218 597 1275 DominuS,
632 1218 689 1266 &a
718 1219 827 1281 quia
855 1217 1080 1281 praevidet
1122 1218 1259 1264 etiam
1296 1216 1543 1280 providet3
1595 1217 1632 1263 is
1670 1217 1876 1280 primum
1912 1216 2032 1264 ficut.
2062 1216 2206 1265 infans
2245 1234 2364 1282 puer-

350 1285 558 1332 nondum
582 1284 678 1341 scit,
715 1284 834 1348 quid,
853 1300 990 1348 opera
1020 1284 1243 1331 charitatis
1271 1298 1380 1346 erga
1400 1284 1687 1347 proximum,
1721 1284 1827 1346 quia
1850 1283 2059 1331 nondum
2086 1286 2215 1331 novit
2243 1285 2359 1349 quid

347 1353 550 1407 charitas,
586 1367 669 1399 nec
701 1351 814 1415 quid
847 1353 1124 1415 proximus,
1159 1361 1439 1414 quapropter
1474 1351 1583 1414 quia
1620 1365 1677 1396 ex
1699 1349 1856 1397 Verbo
1895 1349 1993 1408 scit,
2028 1351 2156 1414 quod
2181 1368 2354 1415 paupe-

347 1418 471 1465 ribus
495 1417 719 1475 dandum,
754 1418 804 1466 δε
825 1419 905 1482 qui
930 1416 1202 1482 pauperibus
1241 1417 1319 1464 dat
1350 1416 1479 1480 quod
1520 1431 1691 1464 merces
1732 1416 1799 1463 illi
1839 1417 1893 1464 fit
1930 1418 1976 1464 in
2011 1418 2150 1474 coelo,
2186 1418 2362 1466 idcirco·

348 1484 711 1532 mendicantibus
744 1499 842 1550 prae
876 1484 971 1532 aliis
1001 1484 1238 1543 benefacit,
1272 1484 1380 1548 quia
1402 1483 1545 1531 credit
1568 1482 1695 1546 quod
1720 1482 1784 1530 illi
1807 1483 1893 1531 sint
1913 1500 2128 1548 pauperes
2167 1488 2247 1549 qui
2287 1488 2359 1532 in·

347 1551 510 1599 tellecti
545 1553 591 1598 in
614 1551 787 1610 Verbo,
824 1567 916 1599 non
944 1550 1218 1616 expendens,
1253 1549 1382 1614 quod
1403 1550 1512 1597 tales
1528 1551 1610 1613 qui
1633 1551 1680 1596 in
1710 1550 1867 1614 plateis
1890 1552 2166 1609 mendicant,
2202 1551 2362 1615 quoad'

346 1618 595 1681 plurimam
619 1630 814 1682 partem,
848 1618 1043 1681 impiam
1075 1619 1125 1665 &
1149 1633 1334 1680 quoque
1357 1615 1582 1663 scelestam
1609 1617 1755 1663 vitam
1779 1618 1956 1674 vivant,
1992 1619 2042 1664 δε
2066 1634 2203 1666 omne
2225 1618 2358 1682 quod

347 1684 496 1732 cultus
536 1685 697 1731 Divini
735 1683 799 1731 est
837 1682 1062 1748 spernant,
1097 1681 1229 1746 seque
1269 1682 1477 1729 dederint
1512 1680 1692 1746 prorsus
1730 1683 1827 1730 otio
1862 1685 1911 1730 δι,-
1949 1685 2156 1740 inertiae·‚
2202 1687 2238 1732 is
2276 1684 2363 1749 qui

349 1764 649 1814 regeneratur,
686 1752 733 1797 in
757 1751 910 1814 primo
944 1749 1078 1807 statu,
1114 1749 1257 1811 nihilo
1280 1749 1432 1797 minus
1456 1747 1542 1796 illis
1565 1764 1624 1796 ex
1645 1748 1782 1796 corde
1814 1747 2070 1805 benefacit;
2107 1750 2207 1799 haec
2237 1750 2360 1798 bona

349 1817 449 1864 sunt
472 1817 590 1865 bona
611 1820 707 1864 veri
740 1818 912 1864 externi
935 1833 959 1864 a
981 1816 1149 1881 quibus
1172 1816 1388 1871 inchoat;
1426 1814 1534 1863 boni
1573 1831 1755 1873 verum,
1790 1816 1918 1880 quod
1956 1818 2140 1864 interius
2172 1817 2251 1876 est,
2289 1819 2359 1865 in-

349 1884 450 1931 fluit
473 1885 532 1930 ita
556 1885 602 1930 in
627 1883 716 1938 illa,
753 1885 804 1931 &
826 1895 1038 1947 operatur
1076 1884 1163 1930 hoc
1207 1882 1457 1931 secundum
1498 1884 1781 1946 cognitiones
1817 1885 1867 1930 in
1904 1883 2071 1947 quibus
2112 1900 2225 1948 puer
2261 1883 2356 1933 est:

349 1950 646 2013 postmodum
667 1962 819 1996 autem
842 1965 955 1996 cum
989 1951 1134 2012 magis
1165 1948 1423 2006 illustratur,
1458 1961 1569 1997 tunc
1591 1948 1848 1998 benefacere
1870 1950 1974 1998 vult
2005 1952 2220 1999 omnibus
2242 1967 2359 2016 quos

349 2032 515 2079 egenos
539 2017 588 2063 ὅτ
614 2013 794 2062 miseros
816 2015 975 2072 credit,
1010 2016 1060 2063 δε
1085 2018 1167 2062 vix
1187 2015 1335 2063 adhuc
1370 2015 1610 2063 discrimen
1643 2015 1750 2064 facit
1772 2019 1887 2065 inter
1908 2034 2076 2082 egenos
2101 2020 2151 2066 ὅτ
2176 2018 2359 2066 miseros

349 2086 450 2146 pios
479 2084 526 2130 &
552 2084 735 2146 impios,
772 2081 957 2130 credens
988 2083 1347 2145 unumquemvis
1386 2081 1469 2128 effe
1509 2083 1558 2128 in
1579 2081 1714 2131 simili
1737 2083 1936 2147 respectu
1960 2086 2010 2133 ὅτ
2034 2085 2179 2149 gradu
2202 2088 2358 2150 proxi-

351 2166 514 2197 mum:
561 2161 607 2196 at
642 2164 750 2196 cum
791 2149 838 2196 in
879 2148 948 2196 his
989 2150 1134 2212 magis
1172 2147 1430 2205 illustratur,
1466 2159 1578 2195 tunc
1617 2146 1724 2196 facit
1762 2149 2020 2207 discrimen,
2055 2166 2106 2199 ac
2130 2154 2284 2216 probis
2308 2153 2378 2201 8⁴⁷:v

352 2215 483 2263 bonis
506 2215 653 2263 solum
675 2231 815 2279 opem
840 2213 945 2272 fert,
980 2214 1118 2262 sciens
1152 2215 1280 2279 quod
1317 2228 1456 2279 opem
1487 2213 1601 2262 ferre
1635 2213 1780 2274 maliS,
1817 2215 1872 2262 fit
1894 2216 2155 2266 malefacere
2179 2221 2357 2277 multis,

353 2299 458 2330 nam
481 2299 563 2347 per
584 2283 801 2330 beneficia
823 2283 873 2330 &
895 2281 1048 2330 officia
1068 2281 1156 2329 illis
1178 2283 1361 2345 copiam
1385 2279 1492 2328 facit
1525 2279 1838 2329 malefaciendi
1870 2281 1966 2333 aliis
1986 2301 1998 2330 ε
2035 2285 2220 2332 tandem
2246 2300 2357 2334 cum

352 2348 428 2396 ille
451 2361 751 2412 regeneratur,
787 2364 881 2396 non
919 2348 1096 2396 bonurn
1132 2347 1240 2395 facit
1279 2347 1361 2395 nisi
1399 2347 1528 2396 bonis
1564 2349 1615 2396 δε
1651 2349 1753 2411 piis,
1788 2350 1895 2412 quia
1923 2357 2034 2397 tunc
2060 2351 2359 2401 nonhomine

354 2415 428 2462 cui
461 2413 700 2471 benefacit,
751 2413 827 2461 sed
866 2414 963 2478 ipso
1001 2414 1125 2461 bono
1162 2415 1286 2477 apud
1323 2413 1472 2471 illum,
1508 2415 1737 2470 afficitur3
1772 2415 1824 2462 δε
1846 2416 1954 2479 quia
1987 2417 2032 2463 in
2058 2416 2180 2464 bono
2205 2420 2253 2465 ὅτ
2278 2421 2370 2482 pio

352 2482 588 2543 Dominus
606 2480 669 2528 est
692 2478 901 2544 praesens,
937 2482 999 2528 ita
1036 2495 1118 2544 per
1151 2480 1436 2528 affectionem
1476 2496 1585 2543 erga
1624 2480 1817 2538 bonum,
1853 2483 1990 2529 etiam
2024 2484 2070 2529 in
2094 2483 2360 2533 Dominum

355 2547 539 2595 testatur
560 2563 796 2603 amorem3
833 2562 943 2596 cum
979 2548 1026 2593 in
1066 2546 1143 2593 illa
1179 2547 1389 2594 charitate
1428 2562 1484 2594 ex
1523 2547 1660 2594 corde
1701 2547 1782 2604 est,
1817 2560 1928 2596 tunc
1959 2562 2240 2613 regeneratus
2262 2552 2356 2601 est:

356 2615 460 2663 inde
484 2622 623 2679 patet,
659 2614 786 2679 quod
819 2611 913 2676 ejus
946 2613 1082 2660 status
1118 2616 1243 2678 prior
1276 2612 1410 2661 fuerit
1447 2613 1646 2661 inversus
1679 2614 1923 2678 respective
1947 2616 2004 2662 ad
2028 2616 2150 2664 hunc
2174 2617 2369 2678 statum,

356 2682 483 2744 quod
506 2698 671 2745 nempe
695 2681 870 2728 bonum
895 2681 1138 2729 crediderit
1160 2680 1287 2744 quod
1312 2695 1406 2727 non
1428 2680 1603 2728 bonum
1628 2693 1735 2738 erat,
1773 2681 1847 2728 sed
1877 2682 2004 2746 quod
2042 2681 2183 2746 usque
2215 2685 2263 2731 id
2293 2683 2360 2732 fa-

356 2763 455 2795 cere
477 2749 522 2795 in
546 2749 772 2816 principio
796 2748 1141 2811 regenerationis
1170 2747 1393 2805 debuerit,
1428 2748 1535 2812 quia
1553 2749 1759 2811 cognitio
1775 2749 1841 2795 rei·
1859 2749 1979 2813 apud
2003 2765 2109 2796 eum
2129 2765 2220 2799 non
2246 2752 2361 2800 ulte·
2402 2780 2413 2792 ·

358 2815 451 2861 rius
472 2815 615 2872 vadit,
641 2816 692 2863 ὅτ
714 2815 821 2879 quia
842 2815 1070 2862 charitatis
1085 2814 1261 2862 bonurn
1286 2815 1471 2862 interius
1495 2831 1586 2863 non
1607 2817 1759 2879 potuit
1780 2816 1966 2864 influere
1990 2817 2035 2863 in
2059 2817 2181 2865 aliud
2199 2834 2361 2868 verum

358 2887 495 2943 quam
518 2882 645 2945 quod
668 2883 942 2946 cognitionis
962 2879 1057 2946 ejus
1079 2879 1202 2938 fuit;
1238 2893 1340 2929 tum
1378 2895 1564 2946 quoque
1600 2883 1728 2946 quod
1765 2882 1941 2930 bonum
1981 2884 2164 2932 interius
2188 2883 2364 2950 semper

358 2946 551 3003 affuerit,
587 2949 636 2997 ὅτ
659 2948 745 2996 hoc
769 2961 1005 3013 operatum
1031 2948 1101 3005 sit,
1136 2949 1187 2996 &
1209 2948 1337 3012 quod
1361 2949 1448 2997 hoc
1472 2949 1514 2996 se
1539 2965 1630 2996 non
1666 2951 1804 3013 prius.
1828 2948 2107 2998 manifestare
2142 2955 2373 3015 potuerit„

358 3028 497 3074 quam
522 3029 630 3061 cum
655 3031 735 3078 per
757 3017 1040 3079 cognitiones
1063 3015 1297 3063 succeffive
1321 3015 1562 3063 illustratus
1592 3014 1733 3064 fuerit·
1760 3016 1817 3063 de
1851 3016 1980 3064 bonis
2003 3017 2053 3064 δε
2079 3019 2194 3065 veris
2218 3019 2364 3081 qualia

358 3077 525 3126 efl'ent:
562 3079 666 3126 inde
689 3094 812 3144 patet
834 3082 1132 3146 aliquantum,
1168 3082 1281 3146 quid
1304 3082 1479 3130 bonum
1502 3085 1599 3130 veri
1622 3083 1748 3146 quod
1780 3083 1854 3131 hic
1878 3083 2024 3145 Jacob
2063 3083 2362 3148 repraesentat,

359 3145 409 3191 δε
433 3144 547 3259 ςέιίὀ
570 3145 862 3261 boniggrum
886 3148 1016 3214 quod
1038 3148 1184 3207 Esau,
1211 3150 1262 3198 &
1283 3150 1411 3214 quod
1435 3150 1532 3198 haec
1556 3151 1761 3214 primum
1787 3149 1957 3198 inversa
1979 3149 2080 3209 sint,
2116 3149 2190 3198 sed
2212 3150 2366 3214 postea

358 3226 453 3275 quo
492 3225 677 3275 'conjun
750 3249 769 3262 ι

2233 3282 2383 3347 3689,
