2904 3750
547 223 681 305 368
1058 220 2040 289 GENESIS.

537 352 733 417 ·¹·emplo;
770 351 895 416 quod
918 367 1046 413 amor
1067 352 1115 399 ὅτ
1140 350 1327 399 charitas
1352 350 1403 398 s1r
1426 351 1645 400 effentiale
1666 350 1788 416 apud
1813 350 2068 407 hominem,
2106 348 2194 397 hoc
2234 349 2380 414 potest
2420 351 2555 399 intel-

549 417 748 467 lectualis
771 419 958 467 facultas
982 419 1179 465 hominis
1202 419 1356 465 videre
1380 419 1427 466 &
1453 420 1738 475 confirmare,
1774 418 1847 465 sed
1888 432 2126 481 antequam
2170 430 2454 480 regeneratus
2497 416 2560 466 est

551 486 710 536 homo,
746 486 998 533 voluntaria
1022 502 1113 532 non
1135 485 1283 549 potest
1306 484 1575 548 agnoscere·,
1612 485 1712 533 sunt
1737 501 1920 549 quoque
1955 486 2000 532 in
2042 483 2219 548 prorsus
2256 485 2382 539 nullo
2407 501 2561 532 amore
2619 511 2623 521 κ

549 554 596 599 in
621 554 882 600 Dominum
911 554 959 599 &
992 553 1037 599 in
1076 553 1197 599 nulla
1237 552 1448 600 charitate
1480 568 1586 615 erga
1618 554 1901 617 proximum,
1938 555 2018 615 qui
2061 553 2149 609 hoc
2186 551 2298 598 bene
2339 554 2557 615 capiunt:
2599 576 2601 579 ·

550 621 715 683 pariter
743 619 871 683 quod
905 633 1035 666 amor
1071 618 1123 665 fit
1165 618 1256 682 ipsa
1287 621 1380 666 vita
1417 618 1630 675 hominis,
1681 620 1729 666 δε
1763 619 1888 682 quod
1928 619 2023 666 talis
2060 620 2169 675 vita,
2221 618 2366 681 qualis
2400 633 2556 667 amor:

553 699 606 732 ut
630 687 677 734 &
703 686 828 749 quod
852 702 988 733 omne
1001 683 1284 748 jucundum,
1324 687 1372 733 &
1398 701 1536 732 omne
1560 683 1792 734 aniaenutn
1818 686 1871 733 fit
1902 701 1958 732 ex
1988 701 2157 742 amore,
2196 685 2386 748 proinde
2423 701 2562 733 omne

554 753 776 816 gaudium
800 753 849 799 ὅτ
874 753 1026 800 ornnis
1047 749 1267 807 felicitas;
1305 752 1354 798 ὅτ
1379 767 1564 815 quoque
1589 751 1711 808 inde,
1747 752 1891 816 qualis
1925 768 2069 810 amor,
2107 751 2192 799 tale
2232 753 2488 815 gaudium,
2511 753 2560 800 &
2601 811 2604 814 ‚

556 819 654 866 talis
691 818 909 866 felicitas:
946 819 1082 864 etiarn
1116 817 1162 864 id
1197 816 1349 881 potest
1391 818 1532 865 homo
1566 834 1624 865 ex
1658 819 1887 876 intellectu
1928 834 2100 882 capere,
2137 818 2309 865 tametsi
2350 818 2561 866 voluntas

555 886 767 942 dissentit,
805 897 880 931 aut
913 885 1046 931 etiam
1085 884 1134 930 in
1174 886 1452 932 contrarium
1489 885 1542 940 it,
1577 876 1704 948 quod
1743 883 1989 932 felicissima
2027 885 2119 932 vita
2147 884 2200 931 fit
2239 901 2295 932 ex
2327 902 2480 932 amore
2513 887 2557 932 in

552 953 815 999 Dominum
857 952 905 1000 &
943 967 999 998 ex
1034 966 1188 997 amore
1224 967 1333 1015 erga
1369 951 1655 1014 proximum,
1706 952 1814 1015 quia
1851 949 2006 1016 Ipsum
2047 952 2277 998 Divinum
2323 952 2471 1000 influit
2511 954 2558 1000 in

549 1018 715 1073 'illam3
753 1019 800 1064 δε
826 1018 1036 1072 viciffim,
1071 1016 1198 1080 quod
1223 1016 1517 1072 infelicissima
1540 1019 1632 1065 vita
1655 1017 1707 1065 fit
1738 1033 1795 1066 ex
1828 1033 1981 1065 amore
2021 1015 2086 1064 sui
2117 1020 2354 1066 &amore
2380 1018 2558 1076 mundi,

555 1086 661 1148 quia
705 1082 931 1130 infernum
969 1083 1116 1130 influit
1151 1084 1200 1129 in
1242 1083 1393 1130 illam:
1431 1083 1536 1130 inde
1567 1085 1705 1130 etiam
1729 1077 1883 1131 coram
1909 1084 2135 1131 intellectu
2159 1084 2451 1148 perceptibile
2475 1101 2559 1150 po-

553 1150 639 1198 test
661 1151 759 1207 esse,
797 1166 888 1196 non
912 1161 1064 1197 autem
1097 1165 1250 1197 coram
1281 1147 1532 1205 voluntate,
1568 1149 1697 1213 quod
1725 1165 1854 1197 amor
1886 1150 1932 1196 in
1956 1148 2218 1197 Dominum
2242 1150 2294 1197 fit
2316 1152 2410 1198 vita
2433 1151 2558 1209 c'oeli,

549 1220 605 1265 ἃ
636 1218 760 1280 quod
788 1232 916 1263 amor
940 1227 1127 1264 mutuus
1158 1215 1210 1263 sit
1233 1217 1382 1263 anima
1410 1231 1467 1262 ex
1491 1215 1680 1263 illa-wita
1701 1237 1718 1272 ·,
1751 1228 2030 1280 quapropter
2051 1228 2276 1279 quantum
2300 1216 2442 1264 homo
2466 1233 2558 1274 non

550 1300 615 1331 ex
641 1284 885 1330 voluntatis
908 1282 997 1329 suae
1023 1283 1116 1329 vita
1138 1284 1326 1346 cogitat,
1365 1298 1446 1330 nec
1470 1281 1601 1346 super
1623 1283 1768 1330 vitam
1791 1283 1898 1329 inde
1921 1281 2046 1330 suam
2070 1282 2272 1340 reflec'tit,
2309 1295 2488 1331 tantum
2513 1284 2562 1331 id
2604 1339 2612 1348 ἱ

553 1350 783 1397 intellectu
808 1350 1015 1413 percipit,
1051 1348 1123 1396 sed
1147 1362 1370 1413 quantum
1393 1365 1449 1396 ex
1473 1351 1565 1396 vita
1585 1348 1831 1397 voluntatis
1855 1347 1965 1406 suae,
2001 1361 2179 1396 tantum
2221 1366 2312 1397 non
2349 1351 2560 1414 percipit,

552 1419 652 1464 iino
685 1429 849 1479 negat:
885 1415 1040 1463 Etiam
1081 1432 1235 1463 coram
1275 1415 1503 1463 intellectu
1545 1414 1659 1463 clare
1697 1414 1846 1480 potest
1883 1422 2113 1480 apparere,
2148 1416 2275 1480 quod
2306 1416 2562 1466 humiliatio

553 1483 624 1540 fit,
661 1485 707 1529 in
731 1499 868 1546 quarn
892 1482 1012 1545 apud
1047 1482 1282 1529 hominem
1307 1482 1492 1530 influere
1514 1484 1647 1546 poffit
1669 1484 1917 1540 Divinum,
1952 1498 2008 1530 ex
2031 1481 2157 1530 causa
2169 1483 2276 1547 quia
2298 1484 2343 1530 in
2367 1499 2422 1531 eo
2444 1482 2560 1531 statu

554 1563 847 1597 removentur
885 1565 1060 1596 amores
1100 1548 1255 1596 sui&
1298 1549 1485 1606 mundi,
1537 1550 1728 1613 proinde
1775 1547 2022 1606 infernalia,
2071 1565 2178 1613 quae
2207 1548 2433 1606 'obstant3
2484 1549 2561 1598 sed

555 1616 712 1678 usque,
748 1615 968 1679 quamdiu
1008 1615 1218 1662 voluntas
1258 1630 1349 1678 non
1390 1631 1510 1662 nova
1541 1615 1622 1673 est,
1659 1617 1709 1663 &
1733 1615 1840 1663 huic
1864 1617 2022 1670 unitus,
2041 1616 2309 1674 intellectus,
2345 1616 2487 1664 homo
2510 1617 2557 1663 in

554 1682 864 1729 humiliatione
887 1681 1036 1729 cordis
1060 1691 1152 1728 non
1170 1681 1331 1744 'potest
1353 1681 1436 1728 effe
1462 1703 1476 1735 ;
1508 1681 1604 1728 imo
1626 1693 1849 1744 quantum
1874 1680 2016 1729 homo
2039 1682 2087 1728 in
2107 1683 2201 1729 vita
2222 1682 2330 1728 mali
2352 1682 2432 1739 est,
2468 1682 2557 1731 hoc

554 1748 634 1805 est,
670 1760 893 1812 quantum
929 1745 1024 1810 ejus
1062 1745 1371 1794 voluntas'est
1408 1746 1467 1793 ad
1506 1747 1697 1805 malurn,
1740 1757 1919 1795 tantum
1953 1746 2039 1795 hoc
2079 1762 2172 1799 non
2203 1746 2384 1813 potest3
2420 1749 2557 1796 etiam

554 1827 731 1862 tantum
767 1816 807 1861 ei
845 1813 931 1861 hoc
971 1811 1215 1860 obscurum
1248 1811 1329 1870 est,
1372 1812 1423 1860 δε
1455 1827 1640 1877 quoque
1662 1825 1857 1861 *tanturn
1899 1812 2016 1860 illud
2055 1825 2221 1877 negat:
2274 1815 2381 1861 inde
2419 1816 2557 1863 etiam

552 1879 962 1930 homo'intellecku
1002 1880 1230 1945 percipere
1268 1878 1432 1943 potest,
1467 1880 1597 1942 quod
1634 1879 1890 1927 humiliatio
1925 1878 2123 1926 hominis
2161 1894 2254 1926 non
2290 1879 2344 1926 fit
2374 1893 2560 1944 propter

552 1963 754 1995 amorem
790 1948 953 2010 gloriae
991 1947 1040 1993 in
1075 1947 1300 2003 Domino,
1337 1945 1411 1993 sed
1444 1950 1630 2008 propter
1664 1960 1868 1992 amorem
1890 1945 2139 2002 Divinum,
2173 1945 2302 2009 quod
2324 1946 2559 1997 Dominus

552 2016 615 2062 ita
651 2029 758 2061 cum
801 2014 924 2061 bono
958 2013 1009 2061 ὅτ
1046 2029 1158 2061 vero
1194 2013 1378 2060 influere
1415 2013 1565 2074 poffit,
1599 2012 1651 2060 δε
1684 2011 1921 2059 hominem
1958 2010 2144 2059 beatum
2183 2012 2234 2060 ὅτ
2275 2010 2454 2060 felicem
2490 2011 2585 2061 fa-‘

552 2096 683 2136 cere;
719 2092 762 2127 at
789 2091 1017 2143 quantum
1052 2079 1263 2127 voluntas
1302 2076 1566 2135 consulitur,
1600 2090 1790 2135 tantum,
1819 2078 1907 2127 hoc
1939 2076 2229 2135 obscuratur;
2274 2078 2477 2127 fimiliter
2515 2079 2558 2128 se

552 2145 684 2194 habet
708 2147 753 2193 in
776 2145 1062 2210 perpluribus
1081 2145 1188 2192 aliis.
1261 2145 1386 2194 Haec
1420 2142 1605 2193 facultas
1638 2162 1805 2211 nempe
1841 2145 1970 2210 quod
2007 2144 2253 2209 intelligere
2289 2148 2422 2209 poffit
2442 2147 2557 2210 quid

552 2212 726 2261 bonum
751 2214 800 2259 δε
826 2224 1005 2269 verum,
1042 2211 1214 2260 tametfi
1252 2228 1346 2260 non
1384 2211 1490 2260 vult
1529 2212 1660 2270 illud,
1695 2213 1801 2260 data
1838 2211 1902 2260 est
1940 2211 2134 2268 homini,
2169 2223 2222 2259 ut
2244 2214 2377 2276 poffit
2411 2209 2554 2264 refor-

552 2281 665 2326 mari
703 2281 751 2326 &
790 2275 1072 2342 rege'nerari5
1107 2291 1344 2343 eapropter
1383 2278 1457 2326 illa
1487 2277 1677 2328 facultas
1709 2278 1774 2327 est
1805 2290 1900 2327 tam
1935 2294 2072 2343 penes
2105 2277 2248 2327 malos
2267 2294 2410 2343 quarn
2430 2279 2555 2342 apud

552 2346 712 2403 bonos,
749 2345 846 2393 imo
884 2360 1018 2410 penes
1049 2344 1198 2394 ‘malos
1233 2345 1511 2410 quandoque
1546 2347 1752 2403 acutior;
1788 2345 1863 2394 sed
1887 2361 1996 2393 cum
2020 2344 2102 2392 hac
2121 2344 2389 2403 differentia,
2424 2345 2553 2409 quod

550 2429 684 2477 penes
716 2411 858 2459 malos
895 2429 988 2460 non
1026 2411 1080 2460 s1t
1117 2412 1264 2477 aliqua
1296 2412 1477 2462 affectio
1499 2414 1594 2461 veri
1626 2426 1814 2479 propter
1835 2413 1999 2470 vitam,
2033 2412 2121 2460 hoc
2144 2411 2224 2469 est,
2260 2425 2445 2476 propter
2468 2410 2551 2460 bo·

549 2495 664 2526 num
698 2481 809 2526 vitae
848 2494 904 2526 ex
943 2495 1068 2536 vero,
1103 2491 1380 2545 quapropter
1402 2496 1484 2528 nec
1514 2479 1696 2544 poffunt
1724 2478 1989 2537 reformari,
2025 2490 2070 2526 at
2090 2479 2211 2543 apud
2234 2477 2379 2526 bonos
2399 2477 2463 2526 est
2476 2475 2552 2526 'af-

549 2544 685 2592 fectio
724 2546 819 2592 veri
859 2557 1045 2610 propter
1083 2548 1243 2604 vitam,
1293 2547 1382 2595 hoc
1420 2546 1485 2594 est
1518 2559 1706 2612 propter
1745 2546 1921 2595 bonum
1961 2547 2091 2602 vitae‚
2137 2546 2189 2593 ὅτ
2224 2557 2464 2609 propterea
2505 2543 2553 2591 hi

549 2611 731 2675 possunt
766 2609 1026 2673 reformari:
1064 2611 1140 2659 sed
1171 2613 1308 2660 status
1345 2613 1523 2677 primus
1555 2612 1890 2661 reformationis
1927 2612 2095 2660 horum
2123 2610 2203 2666 est,
2237 2609 2365 2672 quod
2387 2607 2551 2657 verum

551 2677 769 2724 doctrinae
809 2689 1018 2740 appareat
1058 2678 1143 2724 illis
1182 2681 1333 2741 primo
1372 2679 1476 2726 loco
1507 2679 1607 2736 effe,
1642 2680 1693 2728 &
1729 2679 1906 2726 bonum
1941 2679 2052 2724 vitae
2091 2675 2302 2732 secundo,
2347 2690 2451 2722 narn
2492 2691 2550 2722 ex

550 2746 664 2789 vero
693 2755 836 2806 agunt
872 2743 1078 2798 bonum;
1127 2756 1171 2791 at
1210 2743 1431 2791 secundus
1469 2744 1604 2804 status
1641 2760 1802 2792 eorum
1845 2743 1925 2799 est,
1973 2741 2100 2805 quod
2136 2740 2311 2788 bonum
2345 2743 2456 2788 vitae
2496 2741 2551 2788 fit

548 2809 701 2872 primo
742 2809 861 2864 loco,
896 2809 946 2855 &
975 2824 1138 2855 verum
1178 2810 1398 2857 doctrinae
1432 2808 1647 2871 secundo,
1683 2826 1789 2857 nam
1813 2825 1870 2857 ex
1901 2808 2198 2870 bono.agunt
2232 2806 2425 2864 bonum,
2461 2807 2549 2855 hoc
2611 2814 2616 2820 ’

546 2873 626 2931 est,
662 2889 718 2922 ex
740 2874 971 2921 voluntate
995 2873 1103 2921 boni
1123 2896 1137 2930 ·‚
1175 2877 1223 2922 &
1248 2891 1358 2922 cum
1383 2875 1469 2923 hoc
1492 2875 1563 2931 fit,
1589 2876 1695 2938 quia
1709 2875 1919 2922 voluntas
1941 2872 2005 2920 est
2021 2870 2263 2936 conjuncta
2284 2873 2548 2931 intellectui,

546 2942 661 2990 ficut
683 2939 916 3004 conjugio,
951 2940 1094 2987 homo
1126 2952 1407 3004 regeneratus
1429 2940 1505 2988 est.
1575 2942 1650 2989 De
1675 2940 1790 2988 binis
1815 2939 1881 2987 his
1913 2938 2112 2996 statibus,
2148 2941 2195 2986 in
2228 2939 2313 2986 illis
2351 2955 2457 3003 quae
2491 2941 2549 2989 de
2616 2981 2620 2987 .

547 3007 695 3059 Esavo
720 3008 768 3054 δε
792 3006 984 3067 Jacobo,
1021 3007 1066 3052 in
1090 3004 1213 3056 sensu
1238 3007 1413 3054 interno
1435 3007 1599 3070 agitur.

618 3091 642 3137 3
650 3091 760 3136 540,
798 3073 861 3120 Et
885 3073 1020 3136 pelles
1054 3072 1301 3120 hoedorum
1343 3089 1578 3137 caprarum
1614 3073 1742 3120 indui
1779 3070 1902 3130 fecit,
1939 3072 2067 3136 quod
2103 3071 2328 3135 fignificet
2365 3084 2549 3121 externa

544 3156 650 3193 ,vera
675 3139 781 3187 boni
807 3138 1060 3196 domestici,
1096 3139 1268 3187 constat
1304 3155 1327 3187 a
1366 3139 1689 3203 significatione
1723 3139 1931 3203 pellium,
1968 3138 2095 3202 quod
2130 3140 2216 3186 slnt
2250 3151 2451 3196 externa,
2488 3139 2546 3186 de

538 3222 636 3273 qua
672 3206 904 3272 sequitur3
947 3206 996 3254 &
1032 3221 1088 3253 ex
1121 3206 1443 3272 significatione
1465 3206 1734 3256 ‘hoedorum
1769 3221 2031 3271 caprarum,
2058 3207 2167 3270 quia
2197 3221 2256 3254 ex
2291 3221 2446 3319 grege1
2464 3207 2544 3281 qui

1201 3283 1217 3299 ·
1636 3284 1640 3290 “
2449 3286 2543 3319 omi
