2872 3730
604 252 733 312 240
1109 233 2079 303 GENESI&

598 377 774 418 verum,
809 375 854 410 at
874 364 1000 427 quod
1023 380 1080 412 ex
1107 364 1354 421 voluntate,
1389 363 1475 412 hoc
1498 363 1561 413 est
1584 364 1784 415 bonumz
1821 377 1872 413 ut
1897 355 1979 429 pro
2011 364 2241 429 exemplo,
2276 365 2357 428 qui
2378 370 2581 429 parentes

597 427 697 475 suos
721 445 811 475 non
835 428 1040 486 honorat,
1077 444 1120 478 at
1153 447 1208 478 ex
1248 443 1479 494 praecepto
1516 431 1721 496 decalogi
1759 431 1888 480 discit
1927 432 2024 480 illos
2050 432 2284 487 honorare,
2320 432 2356 478 is
2378 430 2582 495 primum

595 493 711 541 dum
736 495 923 543 honorat
946 497 1062 552 illos,
1097 496 1162 543 est
1183 512 1241 543 ex
1271 511 1532 560 praecepto3
1569 497 1642 546 sed
1663 500 1700 546 is
1723 499 1883 555 honor,
1917 500 2024 561 quia
2045 497 2108 545 est
2130 514 2186 545 ex
2209 510 2454 561 praecepto,
2490 514 2584 547 non

595 560 659 607 est
683 561 854 608 bonum
879 563 925 609 in
948 562 1005 618 se,
1040 564 1145 625 quia
1183 579 1275 609 non
1311 563 1375 610 est
1411 579 1469 609 ex
1504 564 1774 621 amore,est
1796 565 1869 611 vel
1892 580 1949 611 ex
1964 564 2385 626 'obedientia-legis,
2420 564 2493 611 vel
2525 580 2583 612 ex

574 627 758 674 -timore
780 627 907 691 legis,
941 641 986 674 at
1021 628 1160 691 usque
1197 628 1363 676 dicitur
1401 628 1576 677 bonum
1614 631 1725 687 veri,
1762 629 1836 677 sed
1877 630 1941 678 est
1976 632 2022 678 in
2059 629 2136 677 sua
2173 629 2319 694 prima
2355 628 2585 678 existentia

596 707 775 749 verum,
810 710 914 741 nam
955 706 1064 743 tunc
1105 710 1194 741 non
1234 693 1341 742 facit
1379 694 1571 751 bonum,
1607 695 1682 743 sed
1710 694 1816 744 facit
1839 712 2033 753 verum3
2069 709 2114 744 at
2135 713 2244 745 cum
2268 695 2460 743 honorat
2483 697 2584 744 illos

591 774 653 806 ex
676 775 845 816 amore,
881 773 990 807 tunc
1013 760 1076 807 est
1099 760 1271 808 bonum
1290 779 1301 809 :
1339 757 1468 809 ita'in
1491 761 1685 825 reliquis.

666 827 808 889 3296.
844 827 908 873 Et
940 824 1083 889 major
1120 826 1279 875 serviet
1319 829 1502 884 minori,
1536 828 1662 891 quod
1685 826 1904 892 significet
1925 828 2051 892 quod
2074 828 2253 877 bonum
2276 827 2370 876 veri
2394 826 2576 875 inferius

595 891 679 937 erit
703 892 758 937 ad
783 905 980 955 tempus,
1016 893 1184 940 constat
1207 909 1262 940 ex
1286 893 1609 957 significatione
1634 892 1830 958 majoris,
1865 895 1992 958 quod
2031 894 2085 942 fit
2123 895 2294 942 bonum
2317 917 2330 951 3
2367 911 2392 941 a
2414 895 2583 957 fignifi-

595 958 770 1004 catione
809 958 984 1015 servire,
1019 959 1145 1021 quod
1182 959 1236 1006 fit
1272 958 1451 1007 inferius
1489 959 1605 1015 effe3
1640 962 1689 1007 &
1721 977 1747 1008 a
1776 960 2100 1023 significatione
2138 961 2342 1016 minoris,
2376 962 2503 1024 quod
2527 961 2581 1007 fit

596 1038 789 1070 verum:
825 1023 912 1070 hoc
935 1025 1173 1086 quomodo
1205 1024 1246 1071 se
1278 1025 1425 1082 habet,
1460 1025 1659 1074 constare
1697 1027 1843 1089 potest
1879 1043 1904 1074 a
1939 1026 2239 1090 sequentibus,
2274 1041 2376 1074 nam
2405 1026 2466 1073 ibi
2496 1027 2576 1073 de-

595 1087 802 1135 scribitur
839 1105 920 1152 per
958 1088 1158 1136 Esavum
1190 1090 1240 1137 &
1264 1091 1508 1150 Jacobum,
1544 1107 1667 1147 nam,
1703 1104 1755 1139 ut
1784 1092 1978 1149 dietum,
2013 1109 2094 1155 per
2116 1092 2315 1140 Esavurn
2340 1091 2581 1155 repraesen-

596 1167 714 1201 tatur
752 1155 941 1210 bonum,
979 1170 1057 1217 per
1097 1154 1321 1215 Jacobum
1359 1172 1552 1211 verum3
1596 1158 1722 1219 quod
1760 1157 1929 1204 collisio
1966 1157 2039 1204 seu
2078 1173 2234 1219 pugna
2272 1158 2485 1205 exstiterit
2525 1159 2582 1204 de

597 1222 824 1283 prioritate
845 1222 886 1267 δι
916 1221 1169 1277 dominatu,
1207 1223 1251 1267 in
1277 1220 1397 1269 sensu
1422 1223 1597 1269 interno
1619 1221 1882 1269 describitur
1905 1239 1987 1286 per
2008 1222 2233 1282 Jacobum
2257 1223 2382 1285 quod
2409 1224 2581 1285 primo·

597 1288 851 1349 genituram
875 1286 1093 1334 sustulerit
1110 1286 1274 1344 Esavo,
1311 1300 1411 1335 tum
1435 1288 1562 1351 quod
1584 1290 1766 1352 quoque
1790 1287 2167 1343 benediffionem‚
2202 1286 2275 1334 sed
2299 1287 2436 1349 usque
2457 1289 2585 1350 quod

595 1353 682 1399 hoc
720 1352 887 1400 fastum
927 1353 981 1399 sit
1016 1353 1157 1400 modo
1196 1354 1251 1401 ad
1291 1366 1490 1417 tempus,
1538 1367 1658 1416 patet
1702 1370 1759 1401 ex
1800 1354 2063 1418 prophetico
2086 1352 2284 1415 Jischaki
2324 1355 2381 1400 de
2415 1354 2582 1409 iis-avo,

597 1425 631 1449 ‘⁶
668 1420 731 1469 Et
764 1418 893 1482 super
927 1418 1080 1481 gladio
1119 1431 1200 1467 tuo
1234 1420 1376 1478 vives,
1410 1422 1461 1469 ὅτ
1495 1419 1620 1468 fratri
1655 1432 1736 1468 tuo
1774 1420 1948 1476 servieS,
1982 1422 2032 1468 ὅτ
2055 1422 2139 1467 erit
2169 1435 2276 1467 cum
2317 1420 2579 1477 dominaris,

593 1485 845 1548 disrumpes
859 1483 1031 1548 jugum
1055 1485 1173 1533 illius
1194 1486 1382 1550 desuper
1401 1486 1523 1534 collo
1545 1489 1675 1544 tuo‚”
1699 1488 1801 1534 Gen
1821 1505 1831 1534 :
1859 1502 1999 1533 xxvn
2020 1505 2031 1534 ε
2056 1504 2135 1546 40.
2189 1486 2334 1546 Quod
2375 1487 2471 1533 haec
2509 1488 2577 1532 in-

595 1564 773 1599 ternum
798 1551 970 1600 sensum
995 1552 1197 1608 habeant,
1235 1554 1282 1599 &
1306 1553 1435 1615 quod
1457 1552 1618 1616 absque
1657 1552 1780 1599 sensu
1817 1554 1992 1599 interno
2031 1569 2122 1611 non
2154 1551 2251 1598 sciri
2283 1554 2430 1614 possit,
2465 1551 2579 1614 quid

594 1618 862 1681 significant,
898 1629 1039 1680 patet,
1073 1633 1238 1680 nempe
1276 1618 1386 1680 quid
1425 1619 1552 1680 quod
1587 1618 1693 1665 duae
1712 1631 1876 1680 gentes·
1903 1621 1948 1664 in
1973 1631 2117 1673 utero,
2152 1618 2202 1664 &
2226 1617 2321 1663 duo
2343 1617 2502 1679 populi
2527 1633 2584 1663 ex

593 1684 835 1731 visceribus
872 1682 1204 1745 separabuntur,
1251 1684 1301 1730 δε
1337 1683 1465 1746 quod
1503 1683 1698 1746 populus
1744 1698 1841 1746 prae
1878 1683 2053 1745 populo
2093 1681 2290 1738 valebit,
2343 1684 2390 1729 &
2437 1681 2582 1745 major

514 1760 521 1764 “
595 1749 753 1797 serviet
777 1750 974 1803 minori»,
1010 1748 1136 1811 quod
1158 1761 1308 1795 tamen
1341 1748 1592 1811 significent
1615 1749 1691 1796 illa
1711 1765 1816 1812 quae
1849 1748 1966 1795 dic'ta
1999 1747 2115 1804 sunt,
2152 1747 2322 1795 constat
2346 1765 2369 1794 a
2393 1749 2576 1811 sequen-

595 1816 731 1873 tibus,
776 1817 821 1862 in
859 1815 1023 1878 quibus
1063 1814 1120 1861 de
1154 1814 1228 1861 illa
1266 1831 1311 1861 re
1351 1816 1549 1862 multum
1590 1816 1764 1878 agitur:
1802 1816 1851 1862 ὅτ
1874 1826 2085 1877 praeterea
2114 1829 2234 1876 aegre
2267 1814 2411 1875 potest
2435 1815 2574 1870 credi,

593 1882 719 1945 quod
746 1882 820 1928 illa
843 1881 944 1928 talia
967 1880 1217 1937 involvant,
1253 1881 1334 1928 nisi
1374 1880 1531 1930 sciatur
1567 1880 1806 1944 quomodo
1845 1881 1885 1926 se
1918 1879 2050 1926 habet
2089 1895 2196 1926 cum
2231 1878 2353 1925 bono
2378 1880 2427 1925 &
2451 1894 2578 1936 vero,

593 1950 740 2011 deque
780 1949 911 1995 unius
947 1946 1164 1994 nascentia
1197 1963 1252 1994 ex
1287 1948 1442 2004 altero,
1477 1949 1527 1994 ἃ·
1553 1948 1608 1994 de
1637 1946 1772 1993 status
1795 1947 2043 1992 mutatione
2067 1945 2187 2007 apud
2212 1944 2444 2008 hominem
2469 1961 2578 1992 cum

592 2027 907 2077 regeneratur·‚
944 2015 987 2060 in
1027 2012 1148 2060 sensu
1188 2014 1362 2060 interno
1400 2015 1550 2076 agitur
1588 2013 1775 2075 quidem
1815 2011 1872 2058 de
1911 2012 2134 2067 Domino,
2170 2008 2219 2057 ’δε
2242 2010 2316 2057 hic
2341 2011 2579 2072 quomodo
2620 2036 2624 2041 -

593 2082 822 2128 Dominus
846 2079 1058 2126 Naturale
1091 2078 1222 2125 suum
1258 2080 1482 2126 Divinum
1525 2077 1647 2135 fecit,
1683 2077 1756 2125 sed
1791 2077 1931 2141 usque
1971 2079 2017 2123 in
2056 2075 2176 2124 sensu
2216 2075 2580 2138 repraesentativo

591 2149 728 2194 etiam
765 2148 913 2209 agitur
945 2146 1001 2191 de
1042 2146 1370 2205 regeneratione
1406 2145 1636 2200 hominis;
1672 2144 1733 2191 est
1757 2145 1878 2191 enim
1904 2144 2177 2205 regeneratio
2200 2142 2396 2188 hominis
2421 2143 2576 2204 imago

590 2212 930 2276 glorificationis
954 2212 1161 2266 Domini,
1198 2226 1256 2257 n:
1286 2227 1427 2273 3043.
1456 2216 1595 2274 3138.
1623 2227 1766 2273 3212,
1802 2210 1887 2256 hoc
1916 2210 1994 2264 est,
2031 2210 2076 2255 in
2102 2208 2430 2270 regeneratione
2453 2220 2504 2254 ut
2529 2210 2576 2254 in

590 2279 784 2342 quadam
808 2278 1021 2339 *imagine
1056 2288 1238 2339 apparet
1273 2278 1510 2340 quomodo
1543 2277 1770 2323 Dominus
1796 2277 2072 2323 Humanum
2111 2274 2242 2320 suum
2283 2273 2572 2335 glorificavit,

591 2346 681 2401 seu,
719 2344 844 2408 quod
870 2345 1008 2398 idern,
1044 2343 1270 2388 Divinum
1292 2341 1431 2398 fecit;
1468 2342 1581 2390 sicut
1615 2344 1736 2388 enim
1773 2343 2003 2388 Dominus
2043 2340 2206 2387 statum
2243 2338 2373 2386 suum
2414 2339 2575 2386 huma-

591 2428 703 2459 num
739 2410 914 2474 prorsus
954 2410 1148 2455 mutavit
1184 2410 1230 2454 in
1253 2410 1497 2465 Divinum,
1533 2409 1594 2455 ita
1615 2411 1749 2456 etiam
1775 2409 2005 2463 Dominus
2026 2406 2147 2470 apud
2180 2406 2432 2461 hominem,
2467 2420 2576 2451 cum

589 2489 818 2541 regenerat
841 2477 990 2532 illum,
1025 2474 1189 2522 statum
1223 2472 1316 2540 ejus
1350 2476 1527 2540 prorsus
1551 2487 1714 2532 mutat,
1749 2490 1856 2522 nam
1877 2485 2075 2521 veterem
2098 2471 2192 2536 ejus
2214 2471 2448 2519 hominem
2470 2468 2580 2518 facit

589 2560 777 2591 novum.

659 2625 800 2672 3297-
838 2605 977 2654 vers:
1006 2623 1082 2665 24.
1109 2623 1184 2668 25.
1215 2608 1288 2654 26.
1342 2608 1407 2652 Et
1441 2607 1603 2667 impleti
1629 2608 1736 2668 sunt
1774 2605 1862 2651 dies
1897 2605 1983 2667 ejus
2021 2603 2082 2649 ad
2109 2601 2376 2663 pariendum,
2412 2601 2466 2649 69³
2491 2617 2578 2649 ecce

580 2677 741 2736 gemini
769 2676 815 2720 in
845 2673 1086 2734 utero‘ejus.
1160 2673 1221 2717 Et
1261 2673 1397 2718 exi-vit
1428 2674 1595 2731 primus
1633 2670 1759 2730 rufus
1796 2680 1908 2715 totus
1947 2672 2000 2724 is,
2020 2668 2144 2726 sicut*
2161 2670 2305 2714 tunica
2328 2666 2481 2729 pilosa,
2519 2668 2575 2716 ἐξ

585 2739 799 2787 vocabant
836 2753 976 2784 nomen
1016 2738 1104 2798 ejus
1129 2737 1259 2797 Esau.
1331 2738 1393 2783 Et
1410 2735 1500 2795 post
1524 2738 1608 2790 ita,
1643 2736 1779 2781 exivit
1798 2735 1951 2796 frater
1981 2735 2085 2797 ejus,
2120 2733 2174 2781 &³
2199 2747 2346 2779 manus
2369 2735 2455 2794 ejus
2471 2745 2575 2794 pre-

585 2806 762 2853 hendens
800 2808 845 2851 in
880 2802 1115 2849 calcaneum
1138 2803 1294 2862 Esavi‚
1331 2801 1386 2848 &²
1424 2802 1608 2847 vocabat
1645 2816 1786 2847 nomen
1824 2802 1913 2863 ejus
1947 2801 2085 2859 Jacob
2103 2817 2118 2845 .·
2158 2798 2213 2847 {9³
2247 2797 2427 2861 Jischak
2452 2798 2576 2856 filius

572 2874 802 2936 sexaginta
825 2884 1028 2916 annorum
1052 2869 1096 2912 in
1111 2866 1318 2927 pariendo
1338 2866 1444 2912 illos.
1517 2866 1699 2928 Impleti
1724 2865 1823 2912 sunt
1847 2865 1939 2911 dies
1964 2863 2059 2925 ejus
2083 2864 2138 2910 ad
2163 2863 2446 2927 pariendum,
2484 2864 2574 2927 sig-

583 2937 736 2986 nificat
760 2935 923 2982 statum
955 2934 1157 2995 primum
1195 2931 1405 2978 effectus:
1443 2932 1491 2978 δε
1516 2947 1618 2978 ecce
1641 2932 1812 2994 gemini
1836 2933 1882 2977 in
1906 2943 2036 2978 utero
2057 2927 2167 2991 ejus,
2204 2929 2424 2992 significat
2446 2930 2574 2992 quod

583 3016 828 3064 utrumque
867 2999 999 3047 fimul
1040 3010 1345 3060 conceptum:
1389 2997 1437 3044 &
1476 2998 1617 3044 exivit
1656 2999 1831 3059 primus
1875 2994 1999 3042 rufus
2035 3008 2160 3042 totus
2197 2996 2233 3042 is
2274 2995 2387 3042 ficut
2422 2997 2575 3043 tunica

580 3068 736 3135 pilosa,
773 3067 992 3130 significat
1029 3064 1202 3111 bonum
1243 3064 1353 3111 vitae
1391 3064 1485 3109 veri
1524 3063 1750 3110 naturale:
1788 3063 1837 3109 δε
1861 3061 2084 3109 vocabant
2117 3077 2283 3108 nomen
2318 3059 2412 3123 ejus
2438 3060 2572 3118 Esau,

579 3135 799 3199 fignificat
837 3132 967 3196 quale
1008 3128 1132 3193 ejus:
1179 3130 1242 3176 Et
1282 3128 1380 3192 post
1421 3131 1498 3184 ita,
1534 3130 1674 3176 exivit
1714 3126 1847 3175 frater
1882 3126 1997 3191 ejus,
2034 3127 2254 3189 fignificat
2277 3127 2485 3175 Verum:
2522 3127 2573 3175 δε

579 3218 739 3253 manus
763 3197 855 3267 ejus
879 3196 1158 3266 prehendens
1180 3198 1226 3244 in
1259 3195 1518 3246 calcaneum
1542 3194 1694 3253 Esavi,
1730 3194 1950 3260 significat
1973 3194 2187 3242 infimum
2213 3192 2320 3242 boni
2344 3192 2573 3267 naturalis,

2496 3273 2571 3307 cui
