2904 3750
595 237 598 239 ·
646 216 983 281 CAPUT
1030 212 1599 280 VIGESIMUM
1652 212 2153 300 QUINTUM
2275 230 2402 294 275

402 349 559 424 poffl’t,
605 343 721 405 nam*
755 351 883 407 nihil
917 349 1059 405 aliud
1068 347 1354 421 spirabant,
1399 365 1541 419 quam
1580 344 1707 406 odia,
1755 341 2017 404 vindictas,
2063 342 2243 404 caedes3
2302 358 2409 392 cum

406 437 551 478 tanta
590 427 902 490 vehementia,
957 434 1016 477 ut
1048 422 1284 492 destruere
1324 422 1499 473 vellent
1536 437 1687 471 omnes
1725 416 1779 470 in
1816 416 2070 486 universo3
2126 435 2276 489 quare
2324 414 2415 481 nist

387 499 550 571 furor
567 501 647 554 ille
662 500 878 553 continue
897 517 932 552 a
948 497 1159 552 Domino
1182 495 1506 567 repelleretur,
1534 492 1727 564 periret
1752 509 1880 544 omne
1896 508 2045 560 genus
2064 490 2332 542 humanum.

486 593 514 645 3
525 593 648 644 341.
699 574 835 644 Quia
875 571 1340 643 Repraefintationes·
1381 570 1435 622 in
1484 568 1645 621 altera
1690 565 1804 619 vita
1850 583 1940 618 non
1985 563 2180 634 existere
2212 563 2408 635 poffimt,

405 666 547 722 quam
578 659 676 719 per
713 646 1137 718 discriminationes
1174 644 1294 704 lucis
1335 643 1396 697 &
1435 641 1635 706 umbrae,
1657 639 1924 712 sciendum,
1962 638 2085 711 quod
2121 638 2266 689 omnis
2306 637 2407 706 lux,

394 721 599 796 proinde
613 720 758 774 omnis
775 720 1098 792 intelligentia
1127 721 1187 773 &
1196 718 1466 792 sapientia,
1472 718 1548 788 fit
1570 737 1605 770 a
1630 715 1839 771 Domino
1860 741 1876 779 3
1915 714 1973 766 ἔθ’
1994 711 2116 785 quod
2135 711 2282 764 omnis
2306 731 2411 763 um-

405 795 516 860 bra,
533 794 737 867 proinde
750 796 900 849 'omnis
923 795 1115 866 irffania
1138 795 1198 848 δέ’
1206 794 1441 866 stultitia,
1458 793 1534 863 stt
1551 812 1584 845 a
1593 791 1795 863 proprio
1827 787 1950 862 quod
1965 786 2158 850 homini,
2179 785 2411 858 spiritui,

401 871 464 923 &²
486 870 650 941 angelo
664 897 682 934 3
718 889 779 922 ex
802 869 929 924 binis
964 870 1063 924 illis
1095 869 1363 941 originibus
1394 867 1642 939 profluunt
1666 869 1724 922 δέ’
1749 864 2046 918 derivantur
2068 880 2219 917 omnes
2243 861 2414 932 varie-

396 945 634 1016 gationes,
672 963 782 1016 quae
805 945 924 999 lucis
947 946 1008 999 &³
1031 944 1348 1016 umbraestcnt
1370 944 1423 996 in
1437 942 1609 997 ,altera
1630 941 1761 996 vita.
2021 992 2025 998 .

486 1036 513 1090 3
524 1037 648 1090 342.
687 1020 856 1073 Omnis
878 1019 1056 1093 loquela
1071 1019 1347 1091 spirituum
1375 1018 1435 1071 &
1474 1016 1750 1088 angelorum
1784 1013 1931 1067 etiam
1958 1024 2053 1085 per
2078 1009 2413 1086 Repraesenta-

405 1093 521 1146 tiva
525 1094 600 1164 fit
619 1121 636 1159 3
653 1094 829 1166 ststunt
861 1096 988 1148 enim
1010 1106 1107 1167 per
1145 1093 1389 1148 mirabiles
1411 1091 1530 1145 lucis
1553 1092 1611 1145 &²
1636 1089 1821 1143 umbrae
1844 1088 2142 1140 variationes
2165 1084 2269 1147 illa,
2308 1104 2416 1157 quae

404 1168 640 1238 cogitant,
676 1170 796 1222 vive
837 1189 998 1223 coram
1040 1168 1151 1240 visti
1194 1169 1383 1221 interno
1421 1167 1480 1219 &
1506 1165 1654 1232 fimul
1685 1175 1877 1217 externo
1911 1162 2040 1215 illius
2075 1179 2181 1214 cum
2221 1178 2307 1232 quo
2346 1159 2412 1211 lo-

405 1253 637 1313 quuntur,
676 1244 734 1296 &
750 1254 847 1314 per
869 1243 1148 1297 mutationes
1153 1242 1317 1314 status
1339 1240 1642 1313 affectionum
1675 1235 1995 1291 convenientes
2032 1235 2271 1307 insinuant
2295 1234 2412 1286 illa.-

406 1317 878 1388 Repraefintationes,
937 1337 1044 1390 quae
1092 1317 1146 1370 in
1194 1316 1380 1390 loquelis
1423 1313 1643 1386 existunt,
1701 1331 1790 1365 non
1817 1311 1941 1383 sunt
1971 1310 2147 1380 similes
2190 1307 2304 1375 illis,
2353 1301 2415 1361 *de

405 1389 575 1461 quibus
598 1391 745 1461 prius
777 1390 975 1456 dictum,
996 1391 1095 1463 sed
1106 1392 1229 1463 sunt
1263 1391 1378 1444 citae
1410 1390 1470 1442 &³
1514 1398 1843 1442 momentaneae
1882 1405 1980 1439 una
2017 1392 2131 1438 cum'
2156 1383 2276 1436 ideis
2309 1403 2415 1454 quae

390 1465 516 1536 fient
540 1466 730 1538 loquelae
751 1467 941 1520 illorum
962 1488 981 1519 .·
1003 1469 1129 1535 sunt
1142 1467 1277 1536 ficut
1311 1463 1600 1538 describitur
1634 1460 1826 1535 aliquid
1860 1461 1998 1532 longa
2015 1458 2165 1532 serie,
2204 1458 2421 1528 &stmul

406 1538 534 1591 illud
565 1559 726 1603 coram
763 1542 906 1594 oculis
944 1540 1196 1594 exhibetur
1238 1541 1487 1610 imagine3
1525 1557 1658 1602 nam,
1696 1535 1818 1608 quod
1839 1535 2033 1598 mirum,
2072 1533 2186 1604 ipsae
2214 1552 2290 1585 res
2301 1532 2414 1603 spi-

405 1613 611 1666 rituales
643 1633 926 1686 quaecunque
954 1613 1137 1687 poffimt
1163 1625 1259 1685 per
1279 1613 1462 1684 species
1498 1612 1784 1682 imaginum,
1821 1628 1927 1681 quae
1951 1607 2419 1679 incomprehetfibiles

389 1686 516 1757 fient
552 1687 747 1752 homini,
784 1687 1306 1760 repraest’ntativeffli,
1346 1687 1400 1739 in
1442 1686 1609 1758 quibus
1645 1685 1776 1738 intus
1800 1683 1939 1754 stcnt,
1978 1702 2082 1755 quae
2100 1681 2419 1754 perceptionis

407 1762 539 1826 veri,
578 1762 636 1814 ὃ
661 1762 818 1816 adhuc
841 1762 1046 1816 interius
1071 1782 1177 1835 quae
1191 1761 1510 1835 perceptionis
1532 1759 1771 1832 bonifitnt
1788 1779 1806 1811 .·
1846 1757 1972 1810 talia
1996 1756 2143 1809 etiam
2169 1756 2221 1808 in
2240 1754 2420 1807 homine

390 1835 534 1908 fient,
572 1856 683 1890 nam
718 1837 844 1890 homo
881 1837 942 1909 cst
959 1837 1173 1909 spiritus
1207 1849 1399 1910 corpore
1435 1835 1677 1899 amictum
1732 1844 1789 1886 ut
1834 1832 2040 1904 constare
2078 1850 2137 1883 ex
2180 1850 2228 1883 eo
2256 1829 2419 1902 potest,

409 1910 535 1982 quod
553 1911 700 1963 omnis
724 1911 899 1982 loquela
915 1922 1145 1983 percepta
1183 1932 1319 1977 aure,
1358 1931 1465 1966 cum
1489 1910 1699 1983 ascendit
1720 1908 1885 1978 verfits
1909 1906 2163 1968 interiora,
2203 1904 2421 1975 trarfi’at

409 1986 466 2037 in
490 1983 622 2037 ideas
644 1985 904 2057 vificalium
937 2005 1027 2038 non
1051 1986 1291 2058 abstmiles,
1329 1989 1386 2040 &³
1412 1986 1474 2040 ab
1499 1986 1572 2038 his
1595 1986 1650 2038 in
1673 1982 2024 2045 intellectuales,
2063 1982 2122 2034 δέ
2137 1981 2204 2051 sic
2210 1981 2285 2051 fit
2299 1991 2420 2050 per-

410 2059 564 2130 ceptio
582 2059 747 2130 serfics
777 2079 941 2113 vocum
959 2080 978 2111 .·
1016 2062 1101 2132 qui
1126 2061 1279 2132 super
1317 2060 1391 2114 his
1430 2062 1530 2113 rite
1572 2059 1796 2133 reflectit,
1836 2057 1944 2110 inde
1952 2056 2088 2129 ftire
2103 2055 2265 2127 potest,
2304 2053 2426 2126 quod

412 2135 470 2187 in
508 2134 604 2205 ipso
623 2134 842 2205 spiritus
857 2136 947 2205 fit,
987 2135 1071 2207 qui
1111 2135 1328 2187 internus
1369 2134 1467 2205 ejus
1502 2133 1628 2186 homo
1669 2134 1746 2203 est,
1785 2134 1842 2186 &
1869 2151 2041 2204 quoque
2065 2129 2186 2203 quod
2206 2129 2322 2181 talis
2345 2128 2422 2180 illi

412 2208 590 2280 loquela
594 2209 669 2278 fit
683 2209 784 2280 post
806 2209 1014 2281 corporis
1021 2208 1393 2281 separationem,
1411 2219 1415 2222 ’
1432 2209 1548 2280 quia
1573 2207 1625 2259 in
1646 2207 1805 2259 eadem
1829 2207 1889 2275 est
1913 2226 2018 2259 cum
2041 2205 2195 2267 vivit,
2218 2204 2313 2276 sed
2332 2222 2422 2255 non

406 2293 549 2353 patet
574 2283 619 2335 ei
641 2283 765 2354 quod
782 2284 836 2336 in
860 2284 947 2336 illa
950 2284 1037 2355 stt,
1055 2295 1257 2356 propter
1270 2282 1527 2355 obscurum,
1554 2281 1646 2334 imo
1665 2279 1985 2352 caliginosum,
2011 2279 2134 2352 quod
2152 2278 2420 2349 terrestria,

414 2367 639 2427 corporea
664 2358 722 2410 &
746 2358 989 2410 mundana
1013 2358 1259 2411 inducunt.

418 2482 434 2491 κ
495 2449 522 2501 3
534 2448 659 2501 343.
696 2432 907 2504 Loquela
927 2433 1221 2503 Angelorum
1245 2431 1492 2485 interioris
1516 2431 1640 2496 coeli,
1662 2431 1721 2502 est
1745 2429 1900 2483 adhuc
1914 2427 2164 2498 pulchrius
2189 2427 2247 2478 ἐξ
2271 2445 2422 2477 amae-

417 2505 526 2558 nius
549 2506 967 2576 repraesentativa,
991 2505 1084 2577 sed
1105 2506 1244 2573 ideae,
1281 2527 1387 2580 quae
1425 2505 1818 2577 repraestntative
1844 2502 2154 2574 formantur,
2194 2519 2281 2552 non
2298 2499 2422 2566 ,sunt

418 2577 723 2650 expreffibiles
760 2580 966 2644 vocibus,
1007 2581 1065 2633 δέ’
1077 2582 1134 2650 st
1170 2584 1554 2653 exprimerentur
1594 2579 1847 2651 aliquibus,
1886 2575 2159 2629 excederent
2184 2593 2271 2626 non
2296 2573 2422 2626 modo

419 2665 628 2725 captum,
648 2654 746 2726 st‘d
774 2655 920 2708 etiam
935 2655 1088 2726 fidem
1109 2681 1124 2719 3
1146 2655 1459 2726 spiritualia,
1497 2674 1609 2726 quae
1632 2654 1755 2726 sunt
1796 2651 1927 2715 veri,
1948 2652 2086 2720 fiunt
2114 2661 2204 2720 per
2240 2649 2421 2718 WOdfi·

419 2729 624 2798 cationes
641 2730 759 2783 lucis
784 2729 986 2800 caelestis,
1025 2729 1079 2781 in
1115 2729 1280 2801 quibus
1318 2728 1602 2801 affectiones,
1640 2747 1746 2801 quae
1764 2725 2024 2796 indefinitis
2045 2724 2188 2776 modis
2216 2722 2421 2776 mirabi-

403 2803 536 2855 'liter
558 2804 867 2868 variantur3
905 2805 963 2857 &
989 2804 1204 2872 coelestia,
1243 2824 1348 2876 quae
1366 2804 1491 2873 sunt
1526 2802 1649 2866 boni,
1677 2814 1773 2874 per
1798 2800 2095 2854 variationes
2105 2798 2421 2871 flammaestu

421 2877 594 2928 caloris
632 2878 853 2947 caelestis3
892 2879 969 2931 ita
1002 2890 1187 2931 movent
1225 2898 1373 2931 omnes
1410 2877 1692 2949 affectiones.
1769 2879 1828 2929 In
1874 2875 1996 2927 hanc
2040 2874 2317 2926 interiorem
2355 2872 2422 2923 lc-

423 2951 606 3021 quelam
647 2954 793 3005 etiam
836 2953 973 3006 venit
1015 2953 1140 3006 homo
1170 2953 1270 3024 post
1313 2954 1520 3025 corporis
1547 2951 1918 3024 separationem,
1949 2948 2044 3020 st'd
2078 2947 2202 2999 modo
2246 2947 2330 3018 qui
2369 2947 2422 2997 in

424 3023 532 3075 bono
539 3023 803 3095 spirituali
827 3027 902 3096 est,
941 3026 1022 3079 hoc
1043 3027 1118 3094 est,
1157 3031 1210 3080 in
1244 3028 1354 3080 bono
1359 3027 1502 3098 fidei,
1524 3028 1616 3098 seu
1640 3026 1760 3098 quod
1781 3024 1919 3087 idem,
1959 3025 2011 3074 in
2036 3022 2279 3074 charitate
2304 3040 2423 3089 erga

416 3098 708 3167 proximum,
746 3121 851 3155 cum
875 3101 1012 3157 vivit
1040 3102 1093 3154 in
1119 3102 1286 3155 mundo
1307 3129 1324 3167 3
1361 3121 1473 3155 nam
1507 3101 1713 3153 interius
1750 3101 1802 3153 in
1810 3099 1869 3171 Je
1891 3099 2025 3151 illam
2050 3096 2205 3159 habet,
2244 3094 2428 3159 tamess

427 3167 506 3221 hoc
530 3171 686 3240 nescit.
2422 3206 2431 3208 s

1471 3250 1537 3302 M
1564 3245 1618 3302 m'
1661 3266 1688 3301 2
2263 3258 2423 3312 3344.
