2872 3730
549 206 897 313 CAPUT
941 243 1521 322 VIGESIMUM
1575 243 2184 306 SECUNDUM.
2288 263 2405 324 31,

364 388 388 425 2
397 394 437 440 3.
467 393 546 437 24,
581 375 659 422 ubi
689 374 922 421 Dominus
959 372 1019 420 de
1058 364 1448 419 consummatione
1473 368 1641 426 saeculi,
1679 370 1726 416 in
1767 368 1907 418 sensu·
1930 370 2075 418 literae
2116 372 2172 420 de
2196 372 2375 434 Judaeis

358 442 484 506 quod
522 439 826 504 dispergendi,
881 440 931 487 &
979 439 1036 486 de
1072 436 1401 500 Hierosolyma
1439 435 1910 500 quodrdestruenda3
1961 449 2008 484 at
2047 439 2098 487 in
2137 438 2260 486 sensu
2300 441 2370 503 in·

359 521 487 556 terno
527 507 583 554 de
623 507 738 555 statu
772 505 988 555 Ecclefiae
1031 504 1227 562 ultimo,
1279 519 1360 567 per
1406 502 1564 551 cadere
1603 519 1680 550 ore
1726 503 1870 568 gladii
1918 503 2197 567 significatur
2240 506 2370 569 quod

356 574 553 638 amplius
595 590 688 622 non
725 583 887 622 verum
930 571 1004 620 sed
1045 588 1168 619 mere
1207 567 1388 628 falsum,
1423 586 1504 635 per
1527 584 1686 618 omnes
1710 582 1866 636 gentes
1889 569 2199 634 significantur
2220 572 2371 619 omnis

357 642 533 704 generis
572 639 706 698 mala,
749 641 870 688 inter·
903 656 1011 704 quae
1056 637 1423 704 captivabuntur,
1475 636 1605 701 quod
1645 649 1818 700 gentes·
1843 636 1930 684 fint
1975 637 2111 694 mala,
2163 637 2371 686 videatur

357 724 417 756 n:
453 724 587 772 1259.
614 708 752 757 1260.
775 711 916 771 1849.
943 707 1064 756 1868
1088 729 1102 762 3
1139 704 1266 769 quod
1291 702 1614 768 Hierosolyma
1655 703 1708 751 sit
1735 702 1954 760 Ecclesia,
1991 721 2052 752 n:
2081 721 2227 770 2117,
2263 719 2371 768 quae

357 774 418 821 lic
465 773 742 822 conculcata.
813 771 896 821 IV.
933 772 1065 837 Qod
1093 772 1275 821 Gladius
1312 773 1439 819 etiam
1469 769 1680 835 fignificat
1718 827 1720 829 ,
1721 773 1986 833 punitionem
2020 770 2144 833 falst,
2197 771 2373 819 constat

359 841 484 905 apud
522 840 724 898 Esaiam,
778 845 813 868 “
837 840 889 888 In
915 840 990 888 die
1013 840 1110 898 illo,
1147 838 1346 886 vifitabit
1367 837 1577 899 Jehovah
1600 837 1748 900 gladio
1771 837 1852 900 suo
1882 838 2006 895 duro,
2041 838 2089 885 &
2114 854 2283 901 magna,
2319 838 2370 885 &

354 907 519 964 valido,
556 905 690 971 super
711 907 1044 956 Leviathanem
1084 904 1335 971 serpentem
1376 903 1654 969 oblongum,
1689 904 1739 951 δε
1764 903 1895 968 super
1917 902 2248 953 Leviathanem
2285 903 2372 953 ser-

356 987 542 1040 pentem
584 974 861 1031 tortuosum,
912 973 963 1022 &
1002 973 1182 1021 occidet
1223 983 1346 1020 cetos
1386 972 1468 1035 qui
1508 972 1556 1018 in
1599 971 1729 1028 mari,
1766 987 1946 1020 xxv11:
1980 988 2021 1029 1,
2074 970 2154 1019 ubi
2194 971 2251 1019 de
2297 971 2370 1027 iis,

357 1043 439 1104 qui
479 1057 559 1104 per
598 1042 829 1089 ratiocinia
865 1056 923 1088 ex
957 1039 1225 1088 sensualibus
1267 1040 1321 1088 ἃ·
1366 1037 1622 1088 scientificis
1672 1038 1839 1085 intrant
1889 1039 1938 1085 in
1983 1037 2190 1102 mysteria
2242 1037 2370 1094 fidei,

357 1107 536 1171 gladius
574 1107 733 1166 durus,
770 1119 986 1172 m‘agnus,
1023 1102 1072 1155 &
1097 1103 1294 1168 validffuS,
1329 1121 1415 1169 pro
1450 1103 1767 1170 punitionibus
1807 1102 1902 1152 falfi
1941 1105 2061 1152 inde.
2132 1104 2234 1152 Ubi
2256 1104 2372 1168 legi-

357 1176 449 1231 t'ur,
485 1172 612 1237 quod
637 1175 794 1223 devoti
817 1173 868 1223 &
906 1173 1040 1222 occifi
1079 1169 1165 1221 sint
1203 1189 1273 1220 ore
1292 1171 1464 1235 gladii,
1499 1171 1776 1235 quandoque
1798 1187 1824 1219 a
1845 1173 1949 1219 viro
1968 1171 2029 1219 ad
2054 1171 2310 1228 mulierem,
2345 1186 2375 1218 a

359 1256 505 1304 puero
539 1240 597 1288 ad
636 1239 805 1297 senem,
839 1240 897 1287 ad
936 1240 1127 1296 bovem,
1160 1235 1405 1303 pecudem,
1441 1239 1491 1287 &
1515 1237 1707 1296 asinum,
1741 1239 1790 1286 in
1826 1237 1948 1286 sensu
1983 1239 2160 1287 interno
2198 1238 2372 1302 fignifi-

360 1318 488 1354 catur
522 1323 663 1371 poena
703 1306 1006 1355 damnationis
1044 1303 1158 1363 falfi,
1195 1318 1248 1353 ut
1271 1303 1363 1367 Jos.
1389 1320 1442 1352 vr
1465 1323 1478 1353 ε
1505 1321 1582 1354 21.
1620 1305 1748 1369 Cap:
1773 1321 1910 1354 vm:
1939 1323 2016 1367 24.
2042 1323 2118 1369 25.
2155 1307 2286 1370 Cap:
2312 1321 2373 1353 x:

362 1377 441 1423 28.
469 1391 549 1438 30.
588 1390 666 1439 37.
694 1374 939 1442 39QC⁸P=
965 1388 1079 1421 x11:
1113 1391 1184 1423 10.
1218 1391 1290 1423 11.
1325 1371 1397 1421 12.
1423 1390 1503 1434 14.
1539 1371 1668 1436 Cap:
1694 1387 1830 1420 xm:
1859 1389 1936 1422 22.
1983 1373 2115 1437 Cap:
2141 1388 2264 1420 xix:
2289 1387 2372 1435 47.

358 1439 485 1502 Jud:
514 1456 564 1489 r:
594 1445 638 1490 8.
665 1457 743 1504 25.
792 1435 919 1504 Cap:
943 1433 1029 1488 iv':
1063 1455 1136 1503 15.
1169 1441 1241 1488 16.
1295 1439 1424 1503 Cap:
1448 1453 1614 1487 xvm:
1642 1454 1721 1503 27.
1774 1438 1902 1506 Cap:
1929 1454 2023 1486 xx:
2052 1455 2129 1504 37.
2186 1457 2205 1488 1
2234 1439 2374 1489 Sam:

360 1521 453 1554 xv:
485 1505 527 1556 8.
547 1524 630 1556 .11.
669 1524 696 1556 2
723 1506 858 1570 Reg:
881 1522 940 1554 x:
969 1523 1058 1568 25,
1088 1507 1138 1554 &
1160 1505 1302 1560 alibi,
1339 1504 1445 1551 inde
1481 1504 1770 1561 mandatum,
1805 1505 1934 1568 quod
1957 1504 2103 1562 Urbs,
2148 1521 2256 1569 quae
2283 1520 2375 1552 -co-

357 1572 470 1619 leret
509 1568 620 1619 alios
658 1573 787 1628 deos,
813 1581 1114 1632 percuteretur
1137 1569 1309 1627 Gladio,
1347 1570 1667 1627 devoveretur,
1701 1571 1752 1618 δε
1779 1570 2124 1618 combureretur
2162 1573 2286 1634 igne,
2322 1571 2375 1618 &

357 1637 464 1686 effet
485 1637 532 1685 in
555 1637 800 1689 cumulum
822 1638 1101 1694 aeternum,''
1136 1635 1294 1687 Deut:
1320 1631 1566 1700 x111:‘13.
1599 1654 1676 1702 19,
1735 1636 1929 1685 Gladius
1956 1652 2046 1701 pro
2083 1653 2224 1702 poena
2263 1635 2378 1695 falfi,

339 1704 480 1768 ignis
502 1720 588 1769 pro
610 1721 750 1770 poena
774 1704 898 1752 mali.
969 1701 1117 1770 Qod
1140 1702 1352 1768 Angelus
1374 1701 1568 1766 Jehovae
1610 1719 1720 1751 cum
1752 1703 1907 1752 Gladio
1947 1707 2178 1769 evaginato
2218 1705 2266 1752 in
2301 1704 2379 1752 via

286 1769 288 1771 ’
359 1770 530 1820 steterit
552 1784 711 1820 contra
734 1771 1014 1829 Bileamum,
1047 1767 1214 1820 Num:
1241 1786 1349 1819 xxu
1373 1789 1384 1819 :
1413 1787 1490 1820 22.
1520 1788 1600 1835 31,
1636 1769 1918 1836 significabat
1940 1788 2107 1820 verum
2139 1772 2269 1836 quod
2292 1771 2377 1821 ob-

359 1837 493 1887 staret
527 1836 640 1887 falso
678 1840 726 1887 in
762 1855 860 1904 quo
894 1852 989 1888 erat
1011 1837 1258 1896 Bileamus,
1294 1853 1432 1902 quare
1470 1839 1610 1886 etiarn
1646 1838 1684 1885 is
1710 1837 1864 1886 Gladio
1900 1840 2054 1903 occisus
2092 1837 2173 1898 est,
2207 1839 2377 1889 Num:

359 1920 517 1960 xxxi:
548 1909 590 1955 8.
627 1905 776 1968 Quod
799 1905 991 1954 Gladius
1027 1905 1254 1970 fignificet
1293 1905 1342 1953 in
1379 1904 1581 1969 genuino
1627 1903 1752 1953 sensu
1774 1906 1952 1954 Verum
1992 1922 2220 1971 pugnans,
2255 1906 2378 1956 &in

364 1971 578 2036 oppofito
613 1970 776 2022 falsum
818 1989 1047 2038 pugnans,
1083 1985 1186 2021 tum
1211 1971 1508 2032 vastationem
1544 1973 1642 2020 veri
1680 1973 1730 2021 δι
1768 1974 2056 2036 punitionem
2088 1971 2201 2029 falfi,
2237 1975 2379 2038 origi-

361 2054 470 2086 nem
503 2039 640 2087 ·ducit
678 2057 703 2088 a
728 2040 1101 2105 repraesentativis
1141 2041 1189 2087 in
1227 2037 1363 2088 altera
1399 2039 1529 2095 vita3
1566 2038 1630 2087 ibi
1653 2040 1796 2097 enim,
1831 2055 1940 2103 cum
1965 2040 2130 2105 aliquis
2154 2041 2375 2105 loquitur,

360 2105 492 2169 quod
515 2106 647 2154 novit
666 2106 768 2166 effe,
802 2104 983 2165 falsum,
1020 2106 1142 2155 illico
1165 2119 1277 2156 tunc
1312 2106 1444 2170 super
1467 2119 1607 2171 caput
1628 2103 1725 2172 ejus
1747 2106 1862 2154 ficut
1884 2107 2084 2172 gladioli
2108 2107 2381 2156 delabuntur

358 2173 414 2221 ⁷&
437 2171 757 2230 terrefaciunt3
794 2175 844 2223 ὅτ
868 2186 1083 2238 praeterea
1106 2173 1284 2222 Verum
1317 2190 1526 2238 pugnans
1559 2172 1901 2239 repraesentatur
1933 2191 2016 2239 per
2048 2175 2124 2223 illa
2146 2191 2253 2240 quae
2276 2175 2380 2225 sunt

363 2241 622 2288 acuminata
643 2241 779 2289 instar
800 2242 994 2300 ensium,
1029 2240 1255 2306 siquidem
1279 2257 1443 2289 verum
1468 2238 1550 2289 abs
1574 2257 1631 2288 ue
1654 2241 1778 2289 bono
1817 2241 1904 2290 tale
1937 2241 2019 2300 est,
2055 2254 2101 2290 at
2121 2259 2230 2291 cum
2257 2243 2383 2291 bono

363 2305 428 2351 est
466 2307 776 2367 glomeratum
816 2309 867 2356 δε
908 2308 1037 2357 lene:
1074 2309 1181 2374 quia
1217 2307 1318 2358 talis
1356 2308 1490 2371 origo
1528 2258 1609 2365 ccii,
1646 2308 1753 2356 inde
1785 2308 1870 2366 est,
1902 2309 2081 2372 quoties
2116 2311 2382 2359 nominatur

367 2368 529 2428 culter,
565 2371 640 2417 seu
663 2373 829 2429 lancea,
865 2373 938 2421 seu
962 2375 1191 2436 gladiolus
1214 2374 1306 2421 five
1328 2374 1508 2455 gladius
1531 2375 1579 2421 in
1601 2374 1776 2438 Verbo,
1813 2375 2027 2422 obveniat
2051 2376 2263 2438 Angelus
2286 2377 2381 2423 Ve-

366 2452 473 2485 rum
497 2452 721 2501 pugnans.
791 2439 862 2484 At
895 2439 1019 2500 quod
1042 2439 1204 2485 Culter
1239 2441 1286 2484 in
1309 2438 1338 2484 ῖ
1357 2439 1466 2485 erbo
1501 2441 1582 2484 vix
1621 2441 1902 2501 nominetur,
1937 2439 2001 2486 est
2024 2440 2167 2497 causa,
2203 2443 2310 2504 quia
2331 2443 2381 2489 in

366 2503 504 2552 altera
527 2504 621 2550 vita
642 2501 746 2550 sunt
768 2501 948 2566 spiritus
974 2503 1100 2560 mali,
1135 2505 1216 2567 qui
1241 2515 1465 2551 vocantur
1484 2504 1715 2562 Cultrarii,
1751 2504 1951 2568 <fiotum
1985 2506 2046 2553 ad
2086 2505 2218 2554 latus<
2241 2524 2381 2573 appa-

367 2581 468 2619 rent
505 2568 657 2618 Cultri
695 2569 903 2633 penduli,
937 2585 994 2616 ex
1016 2567 1160 2627 causa,
1192 2569 1321 2633 quod
1358 2570 1411 2617 iis
1449 2570 1547 2617 talis
1581 2582 1746 2618 -natura
1776 2568 1916 2618 ferina
1944 2584 1996 2618 ut
2020 2576 2384 2637 unumquemvis

365 2635 516 2684 cultro
541 2634 756 2701 jugulare
795 2635 974 2692 velint;
1011 2635 1116 2683 inde
1138 2634 1218 2692 est,
1254 2636 1381 2701 quod
1406 2636 1558 2683 Cultri
1595 2651 1688 2684 non
1729 2651 2057 2695 memorentur,
2094 2638 2167 2686 sed
2192 2641 2384 2704 gladioli.

367 2703 418 2750 ὅτ
442 2702 604 2766 gladii,
640 2702 844 2760 hienim,
880 2704 986 2767 quia
1022 2703 1068 2749 in
1108 2703 1279 2767 pugnis
1316 2701 1485 2760 usitati,
1508 2702 1668 2750 ideam
1709 2702 1834 2760 belli,
1878 2706 1938 2751 ita
1978 2706 2074 2753 veri
2114 2710 2380 2770 pugnantis,

369 2771 579 2818 excitant.
650 2769 777 2834 Quia
801 2782 966 2817 notum
995 2767 1084 2817 fuit
1107 2770 1346 2834 Antiquis,
1380 2770 1508 2833 quod
1532 2769 1776 2834 gladiolus,
1811 2770 2026 2829 lanceola,
2051 2773 2102 2820 &
2125 2773 2270 2821 culter
2292 2776 2382 2839 fig-

370 2835 574 2885 nificaret
594 2851 777 2893 verum,
813 2837 919 2884 inde
942 2836 1149 2900 gentileS,
1186 2837 1242 2883 ad
1265 2853 1383 2900 quos
1418 2853 1501 2900 per
1538 2837 1830 2885 traditionem
1869 2838 1958 2885 hoc
1980 2840 2126 2897 venit,
2163 2842 2282 2890 circa
2316 2843 2382 2891 sa-

371 2903 539 2952 crificia
578 2901 778 2970 solebant
814 2901 856 2950 se
896 2902 1125 2967 gladiolis,
1161 2903 1372 2950 lanceolis
1404 2916 1483 2951 aut
1518 2903 1693 2961 cultriS,
1727 2902 1867 2968 usque
1890 2905 1947 2952 ad
1971 2904 2237 2969 sanguinem
2260 2925 2383 2972 pun-

370 2984 478 3032 gere
507 2970 556 3018 &
581 2969 787 3026 lacerare,
822 2982 874 3017 ut
899 2971 1068 3034 legitur
1092 2969 1148 3017 de
1171 2969 1475 3017 sacerdotibus
1499 2970 1677 3029 Baalis,
1700 2975 1734 2997 “
1759 2971 2021 3019 Sacerdotes
2043 2972 2188 3020 Baalis
2212 2974 2382 3023 clama·

370 3036 480 3083 bant
496 3051 612 3083 voce
637 3051 818 3100 magna,
854 3036 904 3083 ὅτ
928 3036 1167 3096 incidebant
1180 3037 1231 3100 se
1239 3038 1379 3101 juxta
1411 3053 1563 3085 morem
1579 3039 1707 3101 suum
1721 3037 1885 3099 gladiis
1917 3038 1973 3086 ἐξ
1997 3038 2207 3096 lanceolis,
2243 3041 2384 3105 usque

371 3101 429 3148 ad
466 3101 699 3150 effundere
738 3102 1022 3166 sanguinem,
1066 3122 1084 3152 1
1115 3104 1251 3166 Reg:
1277 3118 1451 3152 xv111:
1481 3108 1558 3153 28.
1619 3103 1767 3164 Quod
1812 3106 1969 3151 omnia
2013 3121 2137 3153 arma
2183 3107 2288 3154 belli
2333 3109 2382 3159 in

371 3166 546 3224 Verbo,
580 3168 835 3230 significent
855 3169 929 3217 illa
951 3186 1059 3234 quae
1082 3169 1184 3219 sunt
1207 3184 1382 3235 pugnae
1406 3169 1663 3235 spiritualis,
1702 3172 1751 3219 &
1777 3170 2017 3234 quodlibet
2062 3171 2247 3236 aliquod
2284 3172 2383 3236 spe·

370 3232 499 3292 ciale,
533 3233 740 3282 videatur
762 3252 827 3284 n:
855 3237 997 3286 2686.

2241 3320 2265 3351 2
2276 3306 2385 3354 800.
