2904 3750
523 216 731 286 290³.
821 171 857 192 ”
983 171 1092 265 'G‘
1174 182 1421 265 ΕΝ
1501 193 1565 264 Ε
1656 195 1711 265 S
1796 199 1993 266 J-S.

514 332 673 380 debuit
696 325 821 396 prius
845 327 891 377 in
914 328 1123 378 ordinem
1157 329 1303 393 redigi
1337 345 1363 376 a
1384 329 1627 387 Domino;
1662 328 1866 378 {imiliter
1890 329 1931 377 se
1953 328 2085 378 habet
2106 347 2215 380 cum
2232 332 2361 384 Vero
2381 338 2514 401 quod

513 415 595 464 per
618 397 845 459 Jacobum
868 394 1235 460 repraesentatur,
1277 412 1381 443 nam
1404 395 1483 443 ubi
1507 397 1689 444 Bonum
1721 396 1783 443 ibi
1799 397 1976 444 Verum
2008 409 2061 446 ut
2083 398 2138 447 fit
2159 400 2348 465 aliquid,
2373 420 2512 453 omne

513 466 818 528 cogitativum
851 462 916 511 est
949 464 1045 509 veri
1084 460 1351 526 adjunftum
1390 463 1649 512 voluntario
1680 463 1806 527 quod
1841 462 1904 511 est
1940 463 2065 522 boni,
2108 467 2244 514 etiam
2277 470 2401 533 apud
2441 473 2513 518 in-

511 529 655 579 fantes
675 550 686 579 :
728 529 968 594 postquam
1009 530 1158 593 itaque
1179 530 1410 582 Dominus
1433 530 1651 578 Naturale
1690 529 1842 594 quoad
1867 532 2052 578 Bonum
2088 533 2138 581 δε
2162 536 2313 597 quoad
2332 536 2515 585 Verum

512 595 562 645 issn
586 598 642 645 Se
665 598 712 644 in
736 596 944 644 ordinem
968 595 1158 660 redegit,
1196 596 1244 643 in
1280 596 1418 652 talem
1448 607 1502 644 ut
1534 598 1752 660 reciperet
1773 596 2020 655 Divinum,
2062 600 2110 646 ὅτ,
2150 599 2209 648 fic
2247 601 2345 667 Ipse
2375 619 2401 650 a
2422 605 2510 654 Di-

513 665 626 712 vino
665 665 760 711 Suo
798 663 1018 718 influeret,
1059 677 1109 709 ac
1149 660 1385 709 succeffiire
1420 678 1557 709 omne
1589 662 1844 711 humanum
1882 664 2008 728 quod
2047 681 2072 712 a
2109 679 2267 725 matre,
2314 670 2508 732 expulit,

513 742 626 779 tunc
667 729 781 777 Esau
819 729 1100 792 repraesentat
1121 728 1348 775 Divinum
1385 727 1594 782 Naturali
1629 729 1823 777 Domini
1856 730 2007 794 quoad
2032 732 2232 790 Bonum,
2279 735 2329 784 &
2362 726 2520 798 Jacob

513 797 741 844 Divinum
779 795 996 843 Naturale
1027 792 1169 858 Ipfius
1207 793 1360 857 quoad
1381 794 1575 842 Verum.
1646 794 1735 842 Sed
1767 792 1886 844 Esau
1932 796 1984 845 δε
2005 798 2152 859 Jacob
2188 801 2510 864 repraesentant

481 898 487 902 -
515 863 743 910 Divinum
769 863 950 909 Bonum
976 862 1025 909 δε
1047 861 1273 908 Divinum
1297 860 1476 909 Verum
1500 860 1662 908 Divini
1695 861 1922 910 Naturalis
1947 863 2157 923 Domini,
2196 878 2248 914 ut
2271 865 2516 931 conjuneta

514 929 633 976 inter
655 929 695 976 se
719 927 830 975 ficut
853 926 1026 984 fratres,
1066 941 1173 990 quae
1212 927 1258 973 in
1291 925 1333 974 se
1367 925 1558 990 speetata
1589 943 1680 975 non
1715 926 1818 975 sunt
1851 927 1974 976 aliud
2008 927 2148 997 quam
2185 947 2275 980 una
2307 937 2510 997 potentia

517 995 650 1042 fimul
673 995 728 1042 ad
752 992 1047 1051 formandum
1071 994 1120 1041 ὅτ
1143 992 1455 1056 recipiendum
1476 994 1659 1042 Bonum
1682 994 1732 1042 ὅτ
1754 995 1932 1044 Verum
1954 996 2156 1054 a&uale;
2186 997 2243 1045 de
2266 997 2354 1047 hoc
2377 1002 2514 1050 Bono

516 1062 568 1108 ὅτ
592 1062 729 1117 Vero,
766 1075 929 1123 nempe
952 1058 1153 1116 ACtuali,
1193 1058 1492 1123 postmodum
1526 1061 1689 1123 agitur.
1759 1061 1835 1108 Ex
1865 1061 1937 1108 -his
1975 1075 2114 1127 patet,
2154 1078 2321 1128 quanta
2350 1082 2507 1116 arcana

515 1128 565 1173 in
603 1125 724 1174 sensu
765 1128 940 1173 interno
969 1124 1111 1172 Verbi
1143 1127 1449 1183 continentur,
1499 1141 1608 1189 quae
1654 1142 1811 1174 arcana
1843 1125 1945 1175 sunt
1978 1127 2096 1186 talia,
2142 1141 2199 1176 ut
2228 1146 2284 1178 ne
2317 1133 2510 1193 quidem

513 1192 879 1241 communiffima
902 1206 1059 1239 eorum
1097 1192 1143 1237 in
1174 1189 1452 1238 intelleetum
1487 1190 1685 1239 hominis
1714 1192 1894 1250 cadant,
1933 1192 2047 1241 ficut
2081 1193 2156 1242 illa
2183 1191 2370 1244 fortaffis
2399 1192 2511 1262 quae

512 1275 636 1307 nunc
676 1259 794 1305 dieta
831 1257 962 1313 sunt;
1002 1256 1241 1321 quomodo
1277 1268 1388 1305 tunc
1426 1257 1765 1306 innumerabilia
1826 1274 1900 1306 uae
1923 1257 1980 1306 de
2003 1259 2126 1317 illis3
2166 1259 2240 1308 sed
2273 1262 2510 1327 adaequata

513 1325 618 1373 sunt
639 1324 880 1372 intellectui
910 1324 959 1371 &
987 1325 1138 1387 captui
1162 1322 1471 1386 Angelorum,
1510 1325 1593 1387 qui
1624 1324 1681 1372 de
1703 1324 1788 1372 his·
1879 1324 2098 1374 similibus
2121 1343 2147 1374 a
2170 1327 2382 1377 Domino
2406 1346 2507 1380 coe·

512 1391 639 1438 lestes
672 1391 788 1438 ideas
818 1389 1185 1454 repraesentativis
1206 1388 1442 1437 ineffabilis
1471 1391 1740 1439 amaenitatis
1762 1391 1812 1439 δε
1837 1389 2124 1441 beatitudinis
2157 1393 2392 1444 illustratas
2422 1396 2504 1446 h'a-

513 1456 655 1514 bent3
698 1458 802 1504 inde
824 1457 1012 1520 cogitari
1034 1455 1196 1520 potest,
1229 1455 1303 1503 sed
1327 1469 1501 1505 remote
1524 1457 1631 1522 quia
1651 1457 1758 1506 talia
1790 1458 1836 1507 in
1859 1457 2022 1507 umbra
2043 1459 2293 1510 inteneetus
2314 1461 2515 1514 humani·

512 1522 631 1581 sunt,
671 1523 812 1588 qualis
837 1523 1046 1587 sapientia
1068 1522 1297 1586 Angelica
1318 1521 1392 1569 est.
2136 1570 2139 1574 ,
2475 1525 2477 1527 ’

582 1589 724 1653 3600.
767 1589 914 1655 Qod
942 1604 1048 1637 ecce
1078 1588 1135 1636 de
1158 1587 1512 1652 pinguedinibus
1545 1600 1674 1638 terrae
1698 1588 1912 1639 habitatio
1934 1602 2013 1639 tua
2044 1591 2266 1657 significet
2294 1594 2421 1659 quod
2444 1612 2506 1646 ex

511 1656 687 1703 Divino
709 1657 839 1704 Bono
861 1656 987 1710 vita3
1023 1656 1072 1703 δε
1093 1655 1222 1717 quod
1245 1654 1303 1702 de
1327 1670 1425 1702 rore
1448 1655 1557 1702 coeli
1591 1655 1798 1719 desuper,
1841 1656 2066 1720 significet
2094 1659 2221 1723 quod
2243 1675 2301 1708 ex
2324 1662 2505 1712 Divino

511 1722 653 1779 Vero,
694 1721 865 1769 constat
897 1737 922 1768 a
943 1720 1265 1784 significatione
1296 1720 1602 1784 pinguedinis,
1642 1721 1769 1785 quod
1793 1720 1846 1769 fit
1867 1722 2060 1781 bonum,
2101 1725 2160 1772 de
2180 1739 2270 1789 qua
2298 1742 2329 1773 n
2348 1743 2361 1774 ε
2381 1744 2407 1792 3
2414 1744 2501 1793 53,

509 1787 584 1836 hic
607 1788 834 1835 Divinum
857 1788 1037 1834 Bonum
1070 1786 1176 1850 quia
1207 1786 1374 1834 dicitur
1397 1786 1453 1834 de
1474 1787 1716 1844 Domin03
1759 1802 1818 1849 ex
1840 1787 2164 1851 significatione
2195 1789 2502 1853 habitationis,

494 1854 638 1919 -quod
660 1854 715 1901 fit
737 1855 844 1910 vita,
885 1852 942 1901 de
965 1868 1056 1917 qua
1077 1869 1135 1900 n:
1159 1869 1246 1917 129
1253 1870 1295 1916 3.
1324 1869 1350 1917 3
1357 1870 1382 1917 3
1392 1857 1484 1913 84³
1518 1853 1568 1901 δε
1589 1853 1717 1917 quod
1742 1851 1956 1901 habitatio
1977 1855 2334 1918 praedicetur-de
2355 1857 2502 1918 bono,

510 1937 542 1967 n
562 1939 572 1969 :
594 1921 906 1983 2268.·2451.
933 1935 1095 1984 2712·,
1133 1919 1182 1966 &
1205 1920 1261 1966 ex
1284 1918 1609 1982 significatione
1631 1921 1743 1966 roris
1773 1919 1899 1975 coeli,
1934 1920 2063 1983 quod
2098 1920 2152 1968 lit
2172 1936 2333 1970 verum
2368 1925 2499 1988 quod

507 2001 564 2034 ex
599 1987 721 2034 bono
752 1986 887 2034 status
920 1987 1039 2050 pacis
1074 1986 1123 2032 δε
1164 1985 1465 2042 innocentiae,
1513 1984 1570 2031 de
1606 2000 1696 2048 qua
1727 1983 1858 2048 supra
1897 2001 1926 2032 n
1950 2003 1961 2033 ε
1981 1997 2128 2051 3579,
2163 1987 2497 2040 hicDivinum

507 2052 683 2100 Verum
725 2054 831 2116 quia
869 2051 1034 2099 dicitur
1068 2051 1126 2098 de
1144 2051 1365 2098 Domino.
1436 2051 1518 2098 Ad
1542 2050 1772 2111 Jacobum
1809 2049 1972 2098 slmilia
1999 2053 2120 2101 dieta
2152 2052 2270 2112 sunt,
2309 2063 2496 2121 nempe,

505 2119 627 2167 dabit
666 2119 748 2166 tibi
771 2121 890 2166 Deus
922 2118 971 2165 de
1005 2133 1099 2165 rore
1135 2116 1239 2172 caeli,
1276 2116 1332 2164 ὅς’
1354 2116 1404 2163 de
1425 2117 1752 2179 pinguedinibus
1772 2118 1949 2181 terrae,’?
1984 2117 2115 2183 supra
2135 2119 2255 2167 Vers
2263 2139 2274 2169 ε
2297 2126 2376 2180 28,
2416 2122 2496 2172 sed

504 2185 568 2232 ibi
588 2186 739 2248 primo
761 2184 864 2232 loco
887 2184 1062 2230 dietum
1086 2181 1264 2230 de'rore
1287 2182 1348 2229 ita
1368 2182 1425 2230 de
1447 2198 1573 2240 vero,
1595 2183 1645 2231 δι
1668 2181 1864 2232 secundo
1885 2183 1942 2231 de
1966 2179 2319 2250 pinguedinibus
2341 2200 2496 2247 terrae,

503 2251 565 2298 ita
597 2251 653 2298 de
677 2250 812 2307 bono,
849 2251 898 2297 δε
921 2264 1104 2313 quoque
1127 2247 1253 2312 quod
1276 2249 1403 2296 Deus
1430 2249 1481 2297 ὅτ
1515 2249 1573 2297 de
1605 2248 1691 2296 illis
1715 2248 1875 2306 daret3
1914 2249 1988 2297 hic
2019 2263 2169 2299 autem
2207 2253 2264 2300 ad
2287 2253 2495 2303 Esavum

499 2317 671 2365 dicitur
693 2318 844 2380 primo
866 2315 968 2363 loco
990 2315 1046 2362 de
1068 2314 1421 2380 pinguedinibus
1456 2326 1586 2363 terrae
1620 2315 1684 2363 ita
1716 2315 1773 2363 de
1805 2316 1946 2373 bono,
1985 2316 2035 2364 &
2072 2315 2268 2366 secundo
2303 2319 2362 2367 de
2391 2335 2498 2369 rore

500 2383 610 2433 coeli
644 2384 704 2430 ita
726 2383 783 2431 de
805 2398 931 2439 vero,
968 2382 1018 2431 δε
1053 2397 1146 2429 non
1181 2380 1308 2444 quod
1329 2382 1455 2429 Deus
1487 2380 1629 2439 daret,
1668 2381 1743 2429 sed
1778 2382 1906 2446 quod
1939 2381 2155 2431 habitatio
2190 2382 2286 2448 ejus
2317 2387 2403 2434 erit
2431 2386 2496 2436 de

498 2450 621 2505 illis,-
656 2448 759 2495 inde
789 2464 972 2513 quoque
995 2459 1133 2510 patet,
1168 2447 1295 2510 quod
1319 2447 1519 2508 Jacobus
1557 2447 1840 2512 repraesentet
1871 2464 2031 2508 verum
2070 2451 2120 2497 &
2144 2450 2265 2498 Esau
2295 2451 2495 2511 bonum,

497 2529 600 2564 tum
624 2515 749 2579 quod
765 2516 940 2562 Verum
962 2525 1221 2577 apparenter
1243 2513 1382 2576 priori
1398 2514 1502 2562 loco
1524 2513 1578 2562 fit
1600 2514 1823 2578 primum,
1858 2514 1915 2575 δι,
1931 2515 2059 2580 quod
2082 2516 2130 2564 id
2162 2518 2390 2567 inversum
2412 2535 2489 2567 or·-
2588 2569 2591 2571 μ

496 2583 615 2633 dinis
639 2581 710 2637 s1t,
742 2581 990 2627 secundum
1026 2579 1099 2626 illa
1120 2595 1226 2642 quae
1248 2579 1413 2641 pluries
1434 2580 1559 2644 prius
1580 2579 1748 2627 ostensa
1769 2579 1884 2628 sunt.
2399 2622 2403 2630 ,
2507 2610 2511 2617 ·

566 2648 707 2711 3601.
743 2646 808 2693 Et
847 2645 977 2708 super
1014 2645 1169 2708 gladio
1207 2657 1289 2691 tuo
1323 2645 1468 2702 vives,
1508 2646 1558 2692 δε
1596 2644 1719 2693 fratri
1758 2658 1840 2692 tuo
1875 2645 2051 2704 servies,
2091 2647 2224 2710 ‘quod
2262 2647 2490 2709 significet

492 2710 714 2778 quamdiu
737 2709 1029 2776 conjungitur
1050 2725 1210 2757 verum
1234 2709 1357 2757 bono
1387 2711 1490 2769 esset
1521 2707 1726 2758 inferiore
1747 2710 1850 2758 loco
1872 2712 1930 2758 ad
1951 2714 2274 2775 apparentiam,
2309 2713 2487 2763 constat

491 2796 550 2828 ex
581 2777 900 2841 fignificatione
932 2775 1088 2840 gladii,
1124 2775 1251 2838 quod
1272 2775 1327 2822 Iit
1347 2790 1508 2823 verum
1541 2791 1766 2839 pugnans,
1799 2776 1857 2823 de
1879 2791 1969 2839 qua
2001 2785 2248 2844 n22799,';
2280 2778 2384 2825 inde
2408 2778 2482 2827 su-

490 2862 572 2910 per
595 2843 747 2908 gladio
771 2844 941 2898 vivere,
977 2841 1040 2888 est
1073 2841 1257 2904 quando
1296 2839 1590 2904 conjungitur
1612 2856 1773 2889 verum
1797 2841 1941 2898 bono,
1974 2841 2231 2906 conjunffio
2265 2845 2388 2891 enim
2423 2846 2483 2894 fit

489 2928 571 2976 per
609 2924 801 2974 pugnas,
841 2908 927 2954 hoc
951 2906 1030 2963 est,
1065 2922 1144 2969 per
1167 2907 1449 2964 tentationes,
1483 2907 1590 2955 nam
1620 2923 1781 2954 verum
1814 2905 1976 2970 absque
2011 2909 2099 2955 illis
2133 2909 2253 2955 haud
2287 2908 2481 2973 conjun-

488 2979 643 3041 gitur3
680 2977 729 3022 ὅτ
753 2989 809 3021 ex
833 2973 1156 3037 significatione
1193 2970 1330 3028 fratri-
1355 2971 1531 3029 servire,
1567 2973 1694 3035 quod
1732 2972 1786 3030 fit
1820 2970 2028 3020 inferiore
2061 2974 2170 3031 loco
2189 2975 2306 3030 effe3
2347 2977 2479 3039 quoti

487 3057 639 3091 tamen
673 3040 845 3089 bonum
878 3037 1084 3085 inferiore
1113 3039 1216 3085 loco
1240 3052 1331 3084 non
1366 3036 1434 3093 fit,
1474 3037 1616 3107 modo
1645 3050 1921 3103 apparenter,
1955 3039 2124 3090 constat
2158 3056 2214 3094 ex
2250 3041 2335 3089 illis
2365 3048 2479 3106 quae

487 3108 616 3173 supra
640 3109 769 3156 toties
786 3099 911 3154 'dieta
936 3104 1055 3162 sunt,
1089 3105 1296 3153 videatur
1329 3119 1391 3150 n:
1414 3107 1559 3167 3582,
2372 3133 2375 3134 γ

559 3174 565 3183 ”
2239 3172 2380 3238 3602.
2406 3174 2478 3224 Et
