2872 3730
576 176 928 288 CAPUT
980 192 1590 287 VIGESIMUM
1648 193 2188 278 QJARTtJM.
2283 216 2404 275 131

400 321 508 371 tutis
532 323 611 381 est,
647 341 730 372 nec
775 322 1104 389 progredientis
1151 324 1294 370 aetatis
1333 339 1440 387 quae
1476 322 1542 370 est
1577 322 1730 369 venire
1775 322 1822 368 in
1859 322 1971 379 dies,
2020 323 2093 371 sed
2132 325 2230 378 idea
2264 316 2400 378 status

403 390 557 454 quoad
580 392 724 437 vitam
747 392 798 437 iri
826 405 916 453 qua
951 389 1070 444 sunt,
1106 402 1243 450 quare
1268 405 1375 435 cum
1400 388 1656 453 progressus
1680 389 1823 435 aetatis
1847 389 1896 435 &
1921 388 2117 435 senectus
2139 393 2400 437 nominatur

398 458 450 503 in
474 455 645 512 Verbo,
682 456 853 518 Angeli
879 456 957 517 qui
980 454 1101 517 apud
1126 453 1380 510 hominem,
1417 472 1509 502 non
1532 454 1713 518 possunt
1749 453 1880 500 aliam
1911 454 2056 501 ideam
2081 455 2236 502 habere
2257 471 2397 519 quam

398 521 536 568 status
561 522 670 568 vitae
694 522 740 567 in
762 536 851 583 qua
873 521 990 582 sunt,
1027 521 1078 567 δε
1099 521 1146 566 in
1169 536 1260 582 qua
1282 520 1489 567 homines
1519 536 1628 567 cum
1666 531 1936 582 percurrunt
1974 532 2127 567 aetates
2164 521 2301 584 usque
2338 521 2395 566 ad

393 588 628 642 ultimam,
664 585 790 648 quod
828 601 992 650 nempe
1030 586 1267 633 succeffive
1301 586 1362 633 fic
1401 599 1569 633 exuant
1603 586 1875 642 humanum,
1911 601 1962 633 ac
1983 586 2176 632 induant
2196 586 2392 641 coeleste,

397 668 503 700 nam
544 653 634 699 vita
672 652 868 698 humana
906 669 999 699 non
1041 652 1165 700 aliud
1203 651 1268 699 est
1306 653 1362 699 ab
1401 651 1587 700 infantia
1616 652 1672 700 ad
1713 651 1902 708 senium,
1938 668 2078 715 quam
2101 654 2346 715 progressio
2371 668 2395 696 a

396 718 574 766 mundo
598 717 652 764 ad
677 718 869 774 coelum,
905 735 955 765 ac
978 718 1140 766 ultima
1162 734 1270 782 quae
1301 719 1365 766 est
1386 735 1526 776 mors,
1563 718 1630 766 est
1666 718 1757 783 ipse
1786 718 2009 775 transitus,
2045 717 2270 781 sepultura
2292 718 2394 763 ideo

393 784 457 832 est
479 783 734 831 resurrectio
767 786 874 847 quia
895 784 1307 848 plenariaexuitiO,
1343 803 1372 832 n
1393 803 1405 832 ε
1430 786 1575 850 2916.
1605 801 1730 850 2917
1753 807 1768 840 ·,
1801 788 1910 849 quia
1935 783 2105 847 Angeli
2128 785 2174 832 in
2198 783 2274 830 tali
2296 785 2396 829 idea

393 850 511 907 sunt,
548 866 641 896 non
679 850 803 898 aliud
839 866 921 914 per
959 854 1112 900 venire
1145 853 1198 899 'in
1238 852 1334 898 dies
1359 853 1408 899 &
1430 867 1511 915 per
1534 851 1805 898 senectutem
1843 853 1890 897 in
1923 850 2046 898 sensu
2080 851 2275 905 interno,
2311 851 2392 911 qui

391 917 700 979 principaliter
736 933 823 981 pro
846 918 1040 981 Angelis
1076 918 1157 975 est,
1191 918 1242 965 δε
1278 918 1377 981 pro¹
1398 917 1660 983 nominibus
1695 918 1777 981 qui
1816 917 2034 980 angelicae
2057 918 2240 964 Mentes
2274 914 2390 970 sunt,

390 982 628 1046 significari
651 983 809 1046 potest.

363 1107 368 1109 ,
409 1054 413 1057 ’
461 1065 604 1112 3017.
641 1050 706 1096 Et
728 1049 940 1110 Jehovah
961 1049 1191 1098 benedixit
1215 1049 1481 1098 Abrahamo
1504 1053 1550 1097 in
1571 1049 1803 1106 omnibus,
1839 1049 1965 1112 quod
1991 1049 2212 1112 significet
2233 1063 2340 1094 cum
2367 1064 2391 1094 a

391 1114 599 1162 Domino
626 1116 678 1179 in
702 1117 929 1163 Divinum
967 1117 1175 1164 ordinem
1219 1118 1375 1164 omnia
1410 1117 1618 1180 disposita
1655 1117 1806 1172 essent,
1843 1116 1914 1162 seu
1945 1117 2075 1179 quod
2104 1110 2244 1169 idem,
2280 1129 2388 1161 cum

313 1198 316 1202 ¹
389 1181 622 1228 Dominus
644 1184 801 1230 omnia
824 1183 868 1229 in
893 1185 1120 1230 Divinum
1161 1184 1368 1230 ordinem
1407 1182 1639 1246 disposuit,
1675 1182 1849 1230 constat
1872 1182 1993 1238 inde,
2030 1182 2156 1249 quod
2180 1180 2388 1242 Jehovah

391 1245 446 1293 fit
480 1248 713 1293 Dominus
732 1248 905 1310 ·quoad
951 1249 1099 1312 ipsum
1138 1249 1384 1305 Divinum,
1438 1266 1492 1296 n:
1527 1265 1664 1313 1343.
1699 1244 1843 1313 1736ss
1875 1253 2013 1311 1815.
2051 1266 2193 1308 ²004·
2228 1260 2377 1308 2005.

393 1318 536 1360 2018.
565 1329 656 1361 202
663 1331 707 1376 5.
737 1331 882 1376 2921,
919 1316 968 1362 δε
1000 1314 1127 1378 quod
1160 1325 1269 1362 tunc
1294 1315 1582 1369 Abrahamus
1614 1314 1898 1379 repraesentet
1935 1316 2195 1362 Dominum
2237 1313 2384 1376 quoad

389 1379 619 1426 Divinum
659 1381 956 1438 Humanum,
1001 1398 1062 1429 n:
1092 1385 1150 1430 28
1159 1398 1183 1443 3
1193 1399 1234 1444 3.
1264 1383 1408 1446 2836,
1460 1398 1596 1446 quare
1641 1398 1749 1429 cum
1795 1382 1979 1437 dicitur,
2028 1382 2155 1444 quod
2181 1376 2389 1441 Jehovah

390 1444 623 1492 benedixit
646 1446 911 1494 Abrahamo
933 1448 979 1495 in
1002 1446 1234 1504 omnibus,
1269 1448 1537 1512 intelligitur
1560 1451 1605 1494 in
1631 1447 1754 1495 sensu
1778 1449 1969 1504 interno,
2006 1447 2132 1510 quod
2157 1446 2387 1494 Dominus

387 1527 448 1571 ex
471 1510 568 1573 ipso
589 1513 764 1571 Divino
787 1515 833 1558 in
858 1514 1086 1560 Humano
1122 1513 1202 1560 suo
1235 1516 1391 1560 omnia
1418 1517 1465 1560 in
1487 1510 1712 1561 Divinum
1737 1513 2256 1577 ordinem-disposuerit,
2284 1527 2389 1558 nam

388 1576 653 1623 benedicere
691 1592 800 1631 cum
839 1577 1007 1624 dicitur
1045 1578 1102 1624 de
1126 1579 1355 1625 Humano
1375 1580 1588 1635 Domini,
1625 1579 1846 1641 significat
1881 1579 1990 1634 illa;
2027 1579 2228 1626 benedici
2263 1578 2386 1623 enirn

306 1663 315 1669 ·
386 1657 496 1689 cum
519 1642 795 1705 praedicatur
815 1642 873 1689 de
896 1642 1100 1700 homine,
1133 1643 1198 1690 est
1219 1643 1487 1707 locupletari
1512 1644 1634 1691 bono
1657 1645 1870 1708 spirituali
1892 1645 1942 1691 &
1966 1644 2154 1701 coelesti,
2191 1661 2220 1690 n
2242 1663 2252 1692 :
2276 1647 2386 1706 981.

393 1708 532 1772 1096.
563 1725 702 1768 1420.
733 1725 875 1770 1422,
911 1710 961 1757 &
984 1721 1095 1757 tunc
1117 1709 1421 1774 locupletatur
1444 1710 1542 1768 illo,
1577 1727 1687 1760 cum
1721 1710 1795 1758 illa
1817 1726 1924 1774 quae
1956 1711 2076 1775 apud
2110 1725 2216 1758 eum
2240 1726 2265 1756 a
2288 1710 2387 1756 Do-

387 1775 516 1821 mino
540 1775 586 1822 in
605 1775 818 1823 ‘ordinem
843 1775 1122 1840 spiritualem
1143 1777 1195 1824 ὅτ
1218 1776 1472 1835 coelestem,
1508 1778 1569 1825 ita
1601 1778 1647 1825 in
1670 1778 1832 1825 Divini
1854 1776 2043 1824 Ordinis
2068 1777 2314 1839 imaginem
2337 1775 2398 1822 &-

387 1840 731 1890 similitudinem
771 1842 1089 1906 disponuntur,
1141 1859 1203 1892 n:
1231 1859 1395 1908 24753
1450 1845 1725 1907 regeneratio
1763 1844 1962 1907 hominis
2011 1860 2093 1890 nec
2137 1843 2258 1890 aliud
2306 1841 2384 1888 est.

388 1907 519 1969 Qid
546 1920 695 1955 autem
721 1909 791 1964 sit,
826 1909 954 1972 quod
978 1910 1132 1956 omnia
1153 1925 1178 1955 a
1200 1911 1408 1957 Domino
1431 1912 1478 1958 in
1500 1911 1729 1958 Divinum
1752 1910 1959 1958 ordinem
1991 1911 2037 1956 in
2061 1911 2288 1957 Humano
2310 1908 2390 1954 suo

387 1971 600 2036 disposita
626 1974 728 2031 fint,
764 1987 889 2039 patet
909 1975 966 2022 ab
989 1975 1075 2040 illis
1098 1991 1205 2040 quae
1229 1978 1276 2023 in
1298 1976 1386 2024 hoc
1409 1977 1570 2041 Capite
1600 1977 1866 2040 sequuntur,
1902 1992 2069 2040 nempe
2104 1976 2230 2040 quod
2251 1976 2387 2022 Divi-

389 2055 500 2086 num
544 2040 684 2103 lpfius
723 2041 977 2099 Rationale,
1013 2041 1379 2106 rePraesentatum
1417 2059 1498 2107 per
1537 2042 1824 2105 Jischakum,
1859 2055 2133 2106 conceptum
2169 2059 2195 2088 a
2216 2042 2392 2089 Divino

339 2119 343 2124 ⁸
387 2106 520 2153 Bono
541 2106 856 2170 repraesentato
878 2124 960 2172 per
982 2108 1320 2167 Abrahamum,
1355 2112 1407 2158 &
1443 2121 1603 2158 natum
1642 2125 1699 2157 ex
1721 2110 1897 2158 Divino
1919 2110 2045 2157 Vero
2081 2109 2391 2172 repraesentato

383 2187 468 2236 per
490 2173 662 2230 Saram,
701 2188 823 2222 nunc
846 2175 893 2221 in
915 2175 1143 2222 Divinum
1170 2175 1300 2223 illum
1337 2177 1546 2224 ordinem
1585 2176 1853 2241 dispositum
1876 2175 1946 2237 fit,
1982 2188 2036 2225 ut
2057 2177 2147 2240 Ipfi
2169 2174 2395 2239 conjungis

385 2227 560 2300 poflent
581 2240 890 2288 DivinaVera
911 2257 969 2288 ex
991 2240 1089 2305 ipso
1112 2240 1370 2291 Humano:
1405 2242 1506 2292 haec
1529 2242 1632 2290 sunt
1654 2246 1848 2299 Arcana,
1882 2258 1990 2306 quae
2028 2244 2075 2289 in
2115 2243 2203 2289 hoc
2227 2242 2389 2304 Capite
2461 2269 2464 2272 -
2494 2299 2499 2306 ι

386 2304 432 2348 in
456 2302 579 2350 sensu
603 2307 780 2364 interno
802 2309 1107 2365 continentur,
1142 2308 1200 2354 de
1233 2308 1400 2372 quibus
1423 2310 1599 2374 Angeli
1635 2309 1802 2357 claram
1843 2308 1993 2355 lucem
2032 2307 2200 2356 habent
2234 2324 2258 2354 a
2286 2309 2388 2354 Do-

387 2369 533 2425 mino,
570 2384 677 2416 nam
708 2370 769 2416 in.
793 2372 895 2418 luce
934 2373 1043 2419 coeli
1077 2372 1178 2419 haec
1200 2385 1355 2435 patent
1376 2374 1491 2421 ficut
1514 2379 1561 2421 in
1581 2375 1697 2428 clara
1720 2375 1793 2420 die
1809 2395 1826 2428 ς
1861 2385 1906 2419 at
1929 2375 1975 2420 in
2000 2373 2098 2419 luce
2121 2372 2302 2429 mundi,
2338 2374 2386 2418 in

385 2450 479 2498 qua
500 2435 662 2492 homo,
699 2436 779 2484 vix
813 2437 1078 2501 quicquam,
1115 2437 1197 2496 nifi
1234 2437 1422 2486 obscure
1460 2438 1633 2503 aliquid
1665 2438 1787 2504 apud
1819 2450 2150 2501 regeneratum,
2194 2439 2231 2485 is
2261 2438 2387 2486 enim

385 2502 520 2548 etiam
542 2500 676 2553 estin
698 2501 850 2566 aliqua
871 2503 972 2551 luce
996 2504 1119 2551 coeli.

425 2611 427 2614 ,
454 2571 598 2631 3018.
635 2567 757 2615 Vers
765 2578 780 2618 'z
807 2585 850 2618 2.
887 2571 952 2616 Et
973 2569 1086 2618 dixit
1102 2570 1327 2619 Abraham
1349 2571 1411 2619 ad
1433 2573 1610 2635 servum
1625 2571 1753 2634 suum
1774 2571 1980 2634 seniorem
2007 2569 2149 2620 domus
2160 2572 2272 2635 ficae,
2305 2567 2386 2619 ad-

383 2633 686 2694 ministrantem
706 2637 844 2683 omnia
866 2641 958 2700 qu‘ae
978 2638 1017 2684 ei
1035 2657 1049 2692 ;
1080 2647 1186 2698 pone
1208 2638 1341 2701 quaeso
1372 2654 1541 2686 manum
1577 2647 1696 2684 tuam
1710 2638 1794 2700 sub
1805 2637 1970 2700 femore
1991 2654 2090 2701 meo.
2160 2637 2296 2684 Dixit
2311 2638 2384 2683 A-

386 2698 569 2747 braham
593 2701 651 2748 ad
674 2699 857 2750 servum
879 2700 1023 2750 suum'
1035 2701 1252 2751 seniorem
1276 2704 1445 2752 domus
1467 2703 1578 2761 suae,
1613 2703 1836 2767 fignificat
1859 2704 2193 2752 ordinationem
2228 2703 2279 2751 &
2316 2704 2384 2750 in·

383 2766 564 2814 fluxum
586 2768 780 2815 Domini
819 2769 866 2815 in
889 2769 1032 2833 Ipfius
1055 2769 1289 2828 Naturale,
1324 2770 1452 2835 quod
1486 2770 1551 2818 est
1584 2768 1734 2818 servus
1774 2769 1917 2818 senior
1954 2771 2153 2819 domus:
2189 2770 2383 2818 admini-

385 2832 599 2881 strantem
624 2837 780 2882 omnia
802 2851 908 2898 quae
933 2837 990 2893 ei,
1026 2835 1246 2899 fignificat
1268 2837 1499 2885 Naturalis
1523 2838 1721 2885 hominis
1757 2838 1932 2886 officia:
1970 2852 2089 2901 pone
2109 2835 2264 2901 quaeso
2279 2852 2384 2898 *ma-

385 2914 500 2946 num
535 2912 661 2948 tuam
686 2899 767 2948 sub
798 2900 971 2949 femore
994 2918 1116 2961 meo,
1151 2903 1375 2966 fignificat
1397 2904 1737 2954 obstristionem
1760 2901 1854 2968 ejus
1876 2904 2025 2968 quoad
2050 2905 2304 2972 potentiam
2327 2903 2385 2950 ad
2453 2935 2455 2937 >

301 3000 304 3003 .
386 2963 563 3019 bonum
588 2969 756 3015 amoris
779 2965 1063 3032 conjugialis.
1114 2973 1132 2995 ⁸

387 3092 421 3141 fi
457 3034 769 3110 30¹9·.7D³3‘³t
792 3035 1026 3113 Abraham
1050 3036 1107 3097 ad
1131 3023 1312 3085 servum
1335 3036 1467 3116 suum
1492 3037 1711 3086 seniorem
1749 3036 1917 3085 domus
1952 3035 2060 3094 suae,
2095 3036 2224 3100 quod
2247 3035 2382 3099 figni-

354 3200 358 3202 .
387 3099 949 3226 sessissr⁰ffl>¹32⁸522²¹²53¹1¹2st322
968 3099 2384 3236 3⁰Eg²332fi⁰3231³0353¹133022e¹333?⁵qfflsau‘ssle’1r33‘335stq2ffffl

1377 3238 1425 3287 R
1461 3254 1488 3295 2
2182 3232 2383 3288 servum,
2445 3278 2462 3299 ἐ
