2904 3750
501 241 627 324 548
991 225 1962 298 GENESIS.

498 377 683 432 propter
705 363 790 411 hoc
814 359 1089 423 derelinquet
1112 360 1255 408 homo
1277 371 1452 424 patrem
1485 357 1615 406 suum
1647 358 1699 407 ὅτ
1742 367 1956 416 matrem,
1992 357 2044 406 δε
2083 357 2318 407 adhaerebt't
2354 355 2483 409 uxori

488 435 594 496 suae,
631 431 678 476 ὅτ
713 440 843 475 erunt
865 426 960 473 duo
998 428 1045 472 in
1083 439 1259 472 carnem
1283 441 1442 481 unam,
1474 425 1602 489 quod
1640 441 1752 489 ergo
1773 425 1900 472 Deus
1938 425 2172 488 conjunxit,
2206 424 2350 473 homo
2385 440 2479 474 non

497 493 759 560 separabit'’
806 493 967 539 Marc:
991 505 1048 538 x:
1077 506 1104 552 5
1131 491 1187 537 ad
1212 509 1259 555 9.
1293 491 1478 538 Matth:
1502 506 1618 538 x1x:
1645 507 1689 554 5.
1774 497 1809 520 ‘⁶
1834 489 2022 550 Adhcgfit
2050 488 2225 546 Anima,
2243 490 2482 539 Schechemi

497 563 627 610 Dinae
664 559 770 606 filiae
802 556 987 618 Jacobi3
1038 557 1207 603 amavit
1252 556 1468 620 puellam,
1519 556 1571 604 &
1613 557 1832 621 loquutus
1870 555 1926 603 ad
1965 571 2043 604 cor
2087 555 2255 621 puellae
2270 556 2304 579 '’
2343 557 2478 605 Gen:

495 641 685 675 xxxrv:
713 642 755 688 3.
791 621 1064 670 Schelomoh
1101 621 1272 669 amavit
1294 621 1504 669 mulieres
1527 633 1696 670 exteras
1721 621 1906 676 multas,
1940 621 2008 669 his
2044 621 2220 683 adhaestt
2241 621 2482 670 Scbelomoh

495 692 554 739 ad
572 689 848 738 amandum”
881 705 898 735 1
929 689 1061 749 Reg:
1087 702 1175 733 xr:
1207 702 1247 735 1.
1275 702 1319 734 2.
1387 687 1498 734 Inde
1537 702 1656 735 nunc
1693 698 1833 752 patet,
1869 687 1996 751 quod
2029 687 2255 736 adhaerere
2293 686 2348 734 fit
2383 695 2484 734 vox

501 758 682 813 amoris,
718 758 763 801 in
801 752 930 801 usum
971 763 1150 816 recepta
1186 752 1378 815 antiquis
1415 763 1508 800 tem
1547 753 1702 800 oribus
1725 752 1783 799 ab
1803 752 2028 810 Ecclefiis,
2063 769 2170 817 quae
2193 753 2238 800 in
2261 751 2486 815 fignifica-

495 824 602 869 tivis
625 820 834 875 fuerunt·,
867 819 915 866 &
942 817 1068 882 quod
1093 834 1182 865 non
1205 817 1324 866 aliud
1350 817 1405 866 fit
1436 818 1482 866 in
1525 817 1630 866 ensu
1654 819 1832 866 interno
1853 833 1995 882 quam
2018 817 2277 882 conjunfitio
2298 817 2480 882 spiritu,-

496 887 590 944 aliS,
615 902 719 949 quae
741 885 803 933 est
827 885 1012 932 charitas
1046 883 1097 930 &
1121 897 1265 931 amor.
2088 902 2095 907 ·

558 953 708 1016 3876.
744 951 868 1011 Quia
890 951 1043 1014 peperi
1066 951 1105 996 ei
1127 961 1213 997 tres
1236 948 1373 1005 filios,
1396 948 1523 1012 quod
1547 947 1771 1012 significet
1793 947 2108 1006 succeffivum,
2131 946 2302 997 constat
2317 948 2374 996 ab
2395 948 2484 997 illis

503 1033 607 1081 quae
630 1017 759 1080 supra
781 1028 838 1063 n).
863 1021 1005 1078 3871,
1027 1015 1147 1062 dicta
1160 1014 1603 1072 sunt,.succeffivum,
1620 1014 1747 1078 quod
1765 1013 2041 1078 significatur
2053 1015 2125 1063 hic
2140 1030 2221 1079 per
2238 1026 2324 1062 tres
2341 1014 2486 1071 filios,

498 1082 561 1128 est
584 1084 708 1145 quod
733 1081 922 1128 charitas
946 1096 1064 1127 nunc
1087 1082 1255 1136 veniat,
1292 1095 1400 1127 cum
1423 1081 1542 1127 enim
1569 1091 1853 1143 regeneratur
1874 1080 2032 1136 homo,
2070 1080 2156 1128 hoc
2177 1078 2257 1136 est,
2293 1080 2485 1129 cumfit:

498 1147 709 1203 Ecclesia,
745 1147 947 1210 primum
976 1147 1058 1192 erit
1081 1147 1121 1192 ei
1157 1144 1264 1193 scire
1301 1145 1626 1208 &intelligere
1658 1145 1772 1208 quid
1802 1161 1967 1194 verum
2003 1145 2130 1202 fidei,
2165 1145 2358 1193 alterum
2398 1147 2483 1192 erit

496 1212 610 1260 velle
635 1211 683 1258 &
706 1210 847 1259 facere
881 1211 1010 1267 illud,
1047 1211 1231 1259 tertium
1255 1211 1318 1259 est
1341 1212 1460 1259 affici
1482 1211 1594 1265 illo;
1629 1226 1831 1274 cumque
1854 1211 1998 1263 homo
2019 1211 2216 1261 afficitur
2236 1209 2483 1266 verm-hoc

496 1278 574 1334 est,
610 1293 714 1324 cum
733 1275 990 1340 jucundum
1015 1277 1065 1324 ὅτ
1090 1276 1271 1325 beatum
1295 1278 1487 1341 percipit
1509 1278 1555 1323 in
1572 1275 1780 1324 faciendo
1803 1274 2053 1325 secundum
2079 1291 2264 1332 verum,
2286 1287 2395 1323 tunc
2417 1274 2489 1323 este

496 1344 540 1389 in
565 1343 773 1390 charitate
796 1342 869 1389 seu
893 1358 1045 1389 amore
1068 1355 1266 1399 mutuo;
1302 1343 1389 1390 hoc
1425 1341 1717 1390 successivum
1757 1341 1838 1401 est,
1873 1343 2001 1406 quod
2041 1358 2121 1407 per
2144 1341 2310 1407 peperi
2324 1342 2492 1400 eivtress

500 1409 621 1456 filios
652 1408 723 1455 hic
756 1408 1030 1470 intelligitur.
1212 1462 1220 1467 ³
2520 1463 2525 1467 ῃ

570 1477 710 1538 3877.
747 1474 987 1537 Propterea
1011 1474 1192 1520 vocavit
1213 1489 1388 1521 nomen·
1404 1471 1498 1536 ejus
1522 1473 1660 1531 Levi,
1683 1474 1813 1538 quod
1837 1471 2060 1535 fignificet
2079 1470 2213 1535 quale
2233 1469 2346 1535 ejus,
2371 1487 2491 1521 con-·

499 1537 583 1585 stat
607 1555 632 1586 a
664 1539 987 1602 significatione
1021 1540 1214 1586 nominis
1245 1540 1296 1586 ὅτ
1327 1554 1488 1586 vocare
1511 1555 1698 1597 nomen,
1731 1539 1860 1604 quod
1893 1538 1949 1586 fit
1970 1537 2120 1601 quale,
2157 1537 2215 1585 de
2237 1553 2329 1601 qua
2349 1537 2494 1602 supra:

499 1621 560 1650 n:
590 1608 714 1667 3872
740 1625 753 1658 ;
787 1604 917 1666 quale
954 1603 1032 1660 est,
1057 1605 1186 1667 quod
1218 1605 1468 1651 continetur
1499 1606 1544 1650 in
1568 1604 1654 1651 illis
1679 1605 1824 1652 verbis
1860 1609 1895 1632 “
1917 1603 2060 1651 Nunc
2082 1602 2166 1664 hac
2188 1603 2290 1654 vice
2329 1603 2482 1651 adhae'-

499 1669 614 1715 rebit
647 1670 874 1715 vir-meus
908 1669 963 1715 ad
989 1685 1080 1724 me,
1116 1670 1222 1730 quia
1243 1670 1400 1731 peperi
1424 1670 1464 1715 ei
1487 1680 1575 1715 tres
1599 1669 1761 1716 filios”
1807 1669 1864 1716 de
1896 1668 2064 1731 quibus
2108 1684 2220 1715 mox
2257 1667 2493 1731 supra‘nv

503 1737 644 1797 3875.
673 1733 827 1796 387-53
862 1733 948 1779 hoc
971 1734 1102 1795 quale
1125 1732 1187 1778 est
1209 1734 1339 1796 quod
1363 1732 1638 1795 significatur
1675 1749 1758 1796 per
1791 1733 1928 1787 Levi,
1964 1730 2066 1778 tum
2095 1747 2176 1795 per
2198 1732 2397 1779 Tribum
2421 1733 2491 1780 ab:

498 1798 577 1845 illo
601 1799 880 1845 nominatam
902 1819 916 1852 ;
952 1798 1106 1860 estque
1130 1798 1174 1844 id
1200 1798 1383 1844 tertium
1409 1795 1655 1844 universale
1679 1797 1911 1852 Ecclesiae,
1950 1798 2023 1844 seu
2054 1798 2239 1844 tertium
2264 1812 2374 1844 curn
2399 1797 2494 1846 ho—

501 1879 582 1910 mo
604 1875 886 1926 regeneratur
911 1875 985 1909 aut
1008 1863 1062 1909 fit
1078 1862 1307 1918 Ecclefia;
1341 1861 1494 1925 estque
1518 1862 1735 1910 Charitas.
1804 1862 1862 1908 Se
1885 1861 2021 1908 habet.
2039 1862 2099 1908 ita
2114 1877 2222 1908 cum
2246 1861 2490 1919 charitate,

501 1928 626 1991 quod
658 1931 704 1974 in
729 1926 770 1973 se
794 1929 1014 1975 contineat
1046 1929 1162 1975 velle
1194 1943 1372 1984 verum,
1410 1929 1460 1975 &
1485 1944 1566 1992 per
1600 1927 1756 1975 hocin
1795 1926 1836 1974 se
1872 1927 2102 1974 contineat
2130 1926 2379 1990 intelligere
2401 1943 2488 1974 ve-·

501 2009 622 2049 rum,
641 2009 744 2040 nam
761 1995 841 2056 qui
865 1994 909 2040 in
926 1993 1140 2040 charitate
1161 1992 1239 2048 est,
1255 1993 1330 2040 illa
1344 1993 1500 2047 habet·‚
1522 2006 1567 2040 at
1584 2005 1821 2056 antequam
1839 1992 1981 2040 homo
1996 1992 2050 2039 ad
2060 1991 2321 2040 charitatem
2339 1994 2494 2051 venit,.

501 2072 609 2105 tunc
635 2060 839 2122 primum
865 2060 909 2105 in
934 2071 1115 2106 externo
1132 2060 1232 2113 erit,
1254 2074 1419 2123 nempe
1436 2060 1477 2106 in
1503 2058 1751 2122 intelligere
1771 2073 1955 2113 verum,
1972 2057 2082 2104 dein
2106 2058 2284 2106 in-velle
2294 2073 2495 2115 verum„

464 2152 468 2159 s
502 2124 693 2170 demum
731 2125 776 2170 in
811 2125 925 2170 affici
950 2140 1075 2176 vero,
1122 2124 1247 2185 quod
1280 2123 1342 2170 est
1377 2123 1588 2181 charitas,
1618 2125 1665 2171 in
1688 2124 1901 2171 charitate
1934 2139 2042 2171 curn
2072 2123 2216 2171 homo
2253 2123 2334 2181 est,
2371 2135 2496 2172 tunc:

504 2189 674 2251 spectat
693 2189 971 2246 Dominum,
1006 2190 1085 2253 qui
1109 2204 1191 2252 per
1214 2189 1459 2249 Jehudam,
1494 2201 1711 2253 quartum
1734 2189 1882 2236 filium
1901 2188 2079 2251 Jacobi,
2114 2183 2481 2254 infensus-supre-⁴

499 2270 580 2301 mo
613 2254 898 2317 significatur.
1832 2296 1834 2299 ,

571 2323 713 2382 3878.
737 2318 868 2366 -Vers
877 2338 887 2366 :
917 2335 990 2381 35.
1030 2319 1095 2366 Et
1131 2322 1315 2383 concepit
1343 2320 1500 2376 adhuc,
1540 2321 1596 2369 &⁷
1635 2323 1802 2385 peperit
1832 2319 1994 2380 filium,
2040 2318 2097 2369 δέ’
2118 2318 2247 2378 dixit,
2282 2318 2364 2366 hac
2383 2319 2495 2365 vicee

501 2384 720 2442 confitebor
741 2385 972 2446 Jehovaw,
1000 2394 1228 2447 propterea
1249 2388 1428 2433 vocavit
1449 2402 1590 2434 nomen
1622 2389 1711 2451 q'us
1731 2386 1938 2449 Jehudah
1956 2407 1975 2441 ·‚
2004 2385 2061 2434 69²
2074 2385 2271 2447 substitit
2312 2401 2342 2432 a
2358 2385 2491 2446 pari-1

502 2449 615 2497 endo.
683 2450 907 2513 Concepit
930 2450 1092 2506 adhuc,
1130 2452 1179 2498 δι
1205 2453 1378 2515 peperit
1416 2452 1581 2509 filium,
1618 2454 1852 2515 significat,
1887 2463 1938 2499 ut
1971 2453 2113 2516 prius,
2130 2452 2493 2515 conceptionem.

504 2516 553 2560 ὅτ
594 2526 774 2578 partum
815 2515 1083 2578 spiritualem
1124 2517 1180 2563 ab
1202 2529 1388 2564 externo
1424 2518 1481 2564 ad
1514 2520 1741 2566 internum
1765 2519 1911 2565 adhuc
1936 2517 2116 2580 magis:
2153 2515 2205 2563 δι
2226 2514 2494 2571 ἀίκὶῑςὴεισ

503 2582 600 2625 vice
623 2580 871 2626 confitebor
894 2582 1139 2640 Jehovam,
1176 2582 1394 2644 fignificat
1414 2584 1476 2630 ,in
1514 2582 1636 2630 sensu
1670 2583 1880 2647 supremo
1901 2583 2180 2637 Dominum,
2216 2582 2263 2628 in
2302 2582 2491 2629 interno.

504 2644 734 2699 Verbum,
750 2646 795 2690 in
819 2658 999 2692 externo
1021 2646 1274 2693 doctrinam
1298 2647 1419 2701 inde,
1444 2647 1515 2694 hic
1533 2649 1757 2695 Divinum
1780 2650 1967 2703 amoriS,
1990 2649 2040 2694 δε
2058 2647 2239 2694 coeleste
2257 2646 2491 2708 Regnunm

506 2709 677 2770 Ipfius:
715 2722 948 2771 propterea
971 2713 1153 2757 vocavit
1176 2717 1349 2759 nomen'
1367 2710 1460 2775 ejus
1495 2713 1950 2777 Jehudah,fignificat
1971 2712 2103 2775 quale
2134 2709 2259 2774 ejus:
2288 2709 2480 2758 &Vesub-

504 2773 612 2819 stitit
634 2791 657 2819 a
683 2775 913 2836 pariendo,
950 2775 1169 2836 fignificat
1206 2793 1289 2840 per
1320 2776 1480 2824 scalam
1520 2778 1744 2825 ascensum
1785 2794 1811 2825 a
1842 2775 2146 2839 terra—«usque.
2170 2777 2227 2822 ad
2251 2774 2490 2834 Jehovarn⁶

497 2838 570 2885 seu
593 2839 865 2886 Dominum.
890 2869 892 2871 -
1527 2850 1530 2851 ’
2434 2875 2437 2882 2

573 2909 714 2966 3879.
752 2902 974 2965 Concepit
993 2900 1139 2950 adhuc
1164 2905 1213 2950 &
1239 2906 1414 2967 peperit
1437 2906 1604 2962 filium,
1639 2905 2023 2969 quodsfignifieet
2058 2905 2399 2969 conceptionem
2425 2904 2486 2951 δε.

506 2982 686 3031 parturn
712 2967 983 3031 spiritualem
1022 2968 1077 3014 ab
1109 2981 1291 3015 externo
1328 2970 1383 3016 ad
1420 2971 1642 3016 internum
1689 2970 1835 3017 adhuc
1878 2972 2042 3033 magis,
2077 2971 2246 3019 constat
2280 2970 2336 3017 ab
2360 2969 2490 3027 illis,

504 3032 763 3096 quaefsupra
787 3050 839 3079 n:
870 3033 1013 3094 3860.
1041 3034 1185 3093 3868,
1222 3034 1341 3080 dista
1370 3033 1483 3091 sunt,
1520 3034 1600 3082 ubi
1623 3035 1783 3082 slmilia
1805 3035 1957 3083 verba.
2014 3079 2018 3086 f

575 3102 716 3160 3880.
752 3098 815 3146 Et
839 3096 966 3153 dixit,
1001 3098 1084 3146 hac
1107 3099 1206 3147 vice
1228 3100 1477 3157 confitebor
1499 3100 1743 3160 Jehovam,
1777 3100 1903 3163 quod
1931 3100 2158 3164 significet
2176 3102 2220 3148 in
2254 3100 2377 3149 sensu
2402 3099 2489 3149 suv

503 3179 664 3226 premo
695 3164 968 3218 Dominum,
1006 3164 1053 3212 in
1092 3164 1268 3211 interno
1291 3165 1516 3220 Verbum,
1551 3167 1597 3213 in
1630 3178 1814 3214 externo
1838 3166 2260 3224 doctrinam'inde,
2294 3167 2487 3216 hiem-⁴

502 3232 660 3294 vinum
689 3230 853 3278 amoris
883 3229 931 3276 &
955 3228 1134 3276 coeleste
1158 3230 1375 3293 Regnum
1410 3230 1570 3295 Ipsius,
1605 3230 1777 3282 constat
1816 3247 1842 3280 a
1880 3232 2201 3297 significatione
2239 3228 2475 3344 confiterid

1251 3324 1253 3331 ι
1743 3309 1746 3313 ·
2349 3310 2442 3361 quo
