2872 3730
473 244 596 306 108
973 238 1957 306 GENESIS.

466 369 556 416 five
585 366 838 426 discutitur,
875 369 923 416 ὅτ
960 369 1066 432 quia
1103 367 1465 415 confirmationes
1506 368 1610 414 veri*
1637 379 1842 432 tempore
1883 369 2245 428 corroborantur,
2281 371 2331 419 &
2355 373 2461 436 quia

469 451 550 499 per
573 435 862 483 imbuitiones
895 436 1211 498 cognitionum
1236 435 1330 480 veri
1360 433 1591 497 perficitur
1615 433 1823 492 bonum3
1860 435 2011 499 ipsum
2046 436 2236 494 bonum,
2273 439 2346 485 cui
2371 441 2459 486 im-

471 502 721 565 plantatum
745 502 807 548 est
829 518 1008 558 verum,
1045 500 1150 547 facit
1174 513 1224 547 ut
1248 516 1339 547 non
1363 499 1507 546 solum
1531 499 1789 563 agnoscant,
1825 501 1897 548 sed
1931 504 2066 548 etiam
2100 503 2298 560 credant,
2333 505 2467 567 quod

472 566 728 615 reformatio
752 569 806 615 sit
828 584 853 614 a
873 570 1078 615 Domino
1099 589 1112 622 ·,
1150 567 1220 613 hic
1246 566 1380 613 status
1404 565 1467 611 est
1489 567 1661 628 tertius,
1697 583 1835 630 quem
1866 567 2064 632 sequitur
2100 569 2235 616 status
2257 584 2460 632 quartus,

474 650 638 697 nempe
660 635 785 697 quod
820 635 1066 697 percipiant
1100 633 1226 696 quod
1249 632 1534 687 aDomin03
1571 632 1644 679 sed
1684 635 1815 696 pauci
1850 633 1975 691 sunt,
2003 637 2083 698 qui
2123 636 2178 682 ad
2218 636 2338 683 hunc
2377 635 2461 684 sta·

474 712 576 747 tum
601 703 790 748 veniunt
814 703 859 747 in
883 701 1215 762 vitacorporis,
1251 698 1314 746 est
1347 700 1470 745 enim
1504 698 1749 761 angelicus,
1786 710 1831 747 at
1866 702 1946 763 qui
1984 703 2226 763 regenerati
2261 702 2376 758 sunt,
2413 704 2458 749 in

475 782 581 812 eum
622 767 786 813 statum
821 767 1011 813 veniunt
1051 767 1095 812 in
1133 766 1265 812 altera
1301 766 1408 812 vita.
1480 765 1592 812 Inde
1615 777 1754 828 patet,
1790 766 1915 829 quod
1957 767 2002 813 in
2035 767 2154 814 sensu
2188 769 2363 823 interno
2387 767 2459 815 hic

479 830 749 879 describatur
772 834 911 880 homo
934 832 1145 879 Eccleslae
1180 831 1430 896 spiritualiS,
1465 831 1607 894 qualis
1632 829 1726 894 ejus
1750 831 1884 879 status
1907 832 1971 879 est
1994 849 2102 880 cum
2127 833 2274 881 adhuc
2297 836 2459 882 imma-

476 910 620 954 turus,
658 902 704 946 &
728 899 868 961 qualis
893 915 1000 945 curn
1027 897 1313 945 maturescere
1336 899 1511 961 incipit,
1548 898 1597 944 &
1621 898 1803 945 tandem
1828 913 1935 945 cum
1961 900 2191 946 maturuit.

546 965 686 1027 2961.
722 966 786 1011 Et
817 977 1053 1011 mortuum
1089 977 1221 1010 tuum
1263 963 1411 1026 sepeli,
1446 963 1573 1027 quod
1612 963 1834 1026 significet
1868 965 2159 1012 emerfionem
2194 982 2218 1012 e
2246 967 2376 1013 nocte
2409 967 2459 1013 ὅτ
2530 962 2533 967 “

478 1029 847 1077 resuscitationem
884 1031 1003 1086 inde,
1054 1029 1223 1076 constat
1259 1046 1285 1076 a
1319 1029 1641 1092 fignificatione
1682 1031 1870 1087 mortui,
1921 1031 2048 1094 quod
2088 1031 2140 1078 s1t
2177 1048 2268 1079 nox
2308 1032 2459 1095 quoad

475 1112 580 1142 vera
602 1097 708 1142 fidei
728 1118 744 1151 ;
778 1097 827 1143 ὅτ
852 1094 1038 1158 sepeliri,
1074 1095 1199 1157 quod
1224 1095 1277 1140 s1t
1299 1093 1559 1151 resuscitari,
1594 1096 1651 1142 de
1685 1111 1777 1158 qua
1814 1097 2046 1159 aliquoties
2081 1099 2221 1159 prius,
2257 1099 2464 1145 videatur

476 1165 1573 1227 ¹¹²2917·²923·2925·293¹·2943·2955³
1618 1162 1745 1222 quod
1786 1161 1882 1207 haec
1922 1163 2138 1209 «noesin
2179 1164 2265 1209 hoc
2304 1164 2464 1225 Capste

477 1228 700 1285 dicantur,
735 1228 861 1275 causa
885 1227 962 1283 est,
999 1228 1104 1290 quia
1127 1227 1183 1273 de
1212 1224 1453 1274 emersione
1475 1241 1500 1272 e
1524 1225 1672 1282 nocte,
1707 1226 1855 1287 quoad
1882 1241 1987 1272 vera
2010 1225 2132 1282 fidei,
2168 1228 2217 1274 ὅτ
2240 1227 2462 1275 resuscita-

474 1294 614 1350 tione,
650 1294 736 1341 hoc
759 1293 837 1348 est,
873 1293 930 1339 de
951 1292 1266 1340 reformatione
1289 1292 1337 1339 &
1362 1292 1694 1354 regeneratione
1717 1290 1931 1338 Ecclesiae
1955 1291 2207 1354 spiritualiS‚
2231 1294 2394 1355 agitur.

544 1361 684 1424 2962.
720 1357 841 1406 Vers
851 1377 861 1406 :
886 1359 956 1406 16.
1007 1361 1072 1406 Et
1110 1358 1282 1406 audivit
1299 1357 1522 1414 Abraham
1555 1357 1615 1404 ad
1634 1357 1891 1418 Ephronem,
1931 1358 1985 1406 ἐξ
2019 1358 2218 1420 appendit
2236 1358 2472 1407 ‘Abraham-v

475 1426 670 1486 Ephroni
691 1435 927 1488 argentum,
963 1424 1071 1489 quod
1100 1424 1293 1488 loquutus
1332 1427 1377 1470 in
1415 1424 1591 1470 auribus
1608 1423 1798 1481 filiorum
1823 1424 1976 1480 Cheth,
2010 1425 2331 1488 quadringentos
2336 1426 2464 1483 ficlos

474 1495 656 1553 argenti,
693 1493 948 1554 transeuntis
980 1493 1217 1538 mercatori.
1289 1490 1489 1536 Audivit
1528 1489 1763 1536 Abraham
1813 1489 1869 1537 ad
1910 1490 2193 1552 Ephronem,
2239 1490 2462 1555 fignificat

475 1558 864 1604 confirmationem
899 1555 955 1603 ad
990 1555 1329 1603 obediendum:
1381 1556 1431 1601 &
1465 1554 1680 1617 appendit
1703 1553 1933 1600 Abraham
1959 1556 2168 1618 Ephroni
2202 1570 2460 1618 argentum,

475 1622 693 1685 fignificat
716 1623 1100 1684 redemptionem:
1142 1620 1269 1683 quod
1293 1619 1507 1682 loquutus
1542 1621 1589 1665 in
1612 1619 1790 1666 auribus
1814 1619 2014 1666 filiorum
2039 1620 2203 1677 Cheth,
2240 1622 2462 1685 fignificat

475 1688 722 1736 secundum
747 1687 1003 1734 facultatem
1029 1682 1210 1734 illorum
1235 1687 1316 1750 qui
1351 1701 1377 1731 a
1410 1701 1528 1732 nova
1551 1684 1780 1733 Ecclesia:
1832 1685 2189 1749 quadringentos
2228 1687 2357 1735 siclos
2393 1704 2460 1735 ar-

476 1757 618 1817 genti,
654 1754 873 1817 fignificat
910 1753 1232 1816 redemptionis
1269 1752 1499 1816 pretium:
1546 1749 1809 1799 transeuntis
1839 1754 2093 1809 mercatori,
2129 1752 2349 1815 significat
2383 1770 2460 1818 ap·

473 1821 635 1884 plicate
657 1821 713 1867 ad
737 1819 919 1866 illorum
942 1818 1120 1867 statum.
1336 1849 1338 1851 -

543 1888 682 1951 2963.
720 1885 919 1935 Audivit
942 1885 1173 1933 Abraham
1198 1883 1254 1931 ad
1275 1885 1558 1948 Ephronem,
1593 1883 1718 1947 quod
1743 1883 1963 1946 significet
1985 1882 2376 1932 confirmationem
2403 1887 2459 1933 ad
2495 1917 2504 1929 .

475 1952 800 2008 obediendum,
841 1967 1005 2015 nempe
1041 1952 1097 1999 ab
1129 1951 1214 1998 illis
1248 1953 1371 2014 apud
1403 1968 1516 2014 quos
1540 1951 1711 1997 bonum
1735 1950 1784 1998 ὅτ
1809 1966 1970 1997 verum
1994 1949 2099 1996 fidei
2134 1951 2270 2014 recipi
2303 1951 2460 2014 posset,

476 2018 649 2067 constat
683 2035 708 2065 a
735 2018 1058 2081 significatione
1095 2018 1265 2072 audire,
1300 2019 1427 2080 quod
1452 2017 1504 2064 s1t
1527 2016 1724 2073 obedire,
1762 2016 1818 2063 de
1842 2031 1932 2080 qua
1965 2032 2024 2063 n:
2047 2029 2210 2078 25'42;
2250 2018 2297 2064 &
2334 2034 2358 2063 a
2392 2035 2459 2064 re-

476 2083 812 2149 praesentatione
834 2084 1081 2148 Ephronis,
1111 2083 1238 2147 quod
1262 2083 1346 2130 sint
1368 2083 1432 2130 illi
1457 2083 1573 2147 apud
1596 2098 1710 2146 quos
1734 2081 1909 2129 bonum
1934 2083 1983 2128 &
2006 2097 2170 2129 verum
2194 2082 2300 2129 fidei
2323 2085 2462 2147 recipi

476 2151 633 2215 posset,
672 2151 730 2199 de
751 2167 840 2214 qua
862 2149 990 2214 supra
1023 2166 1083 2198 n:
1106 2166 1230 2214 2933
1251 2171 1265 2205 3
1302 2151 1429 2212 quod
1453 2149 1573 2213 apud
1599 2148 1719 2206 illos,
1754 2149 1802 2195 ὅτ
1827 2147 1883 2194 ab
1905 2146 1992 2196 illis
2017 2148 2316 2206 confirmatio,
2340 2162 2463 2214 patet

476 2233 501 2263 a
524 2217 687 2273 verbis,
724 2218 830 2279 quia
851 2216 1036 2273 dicitur,
1071 2215 1199 2279 quod
1222 2215 1399 2262 audivit
1422 2215 1655 2263 Abraham
1685 2214 1743 2261 ad
1777 2213 1922 2260 illum.
2214 2221 2221 2223 ’
2484 2268 2491 2273 k
2519 2247 2521 2251 .

545 2285 685 2348 2964.
723 2283 787 2329 Et
825 2281 1040 2346 appendit
1063 2281 1292 2329 Abraham
1317 2281 1524 2344 Ephroni
1561 2292 1818 2344 argentum,
1857 2279 1984 2343 quod
2026 2279 2249 2343 fignificet
2287 2281 2464 2329 redem-

475 2350 695 2411 ptionem,
732 2347 903 2395 constat
926 2364 950 2394 a
972 2347 1295 2410 significatione
1317 2348 1568 2410 appendere
1588 2359 1845 2409 argentum,
1881 2345 2007 2409 quod
2042 2346 2096 2392 fit
2129 2361 2290 2403 emere,
2331 2347 2382 2395 ὅτ
2416 2349 2463 2395 in

477 2414 598 2461 sensu
620 2414 831 2478 spirituali
856 2413 1107 2468 redimere3
1150 2424 1391 2476 argentum
1431 2413 1505 2460 hic
1545 2412 1667 2459 idem
1704 2410 1768 2458 est
1805 2426 1914 2459 cum
1950 2411 2290 2475 quadringentis
2330 2413 2460 2471 ficlis,

476 2482 556 2543 qui
581 2481 706 2542 quod
729 2480 980 2542 significent
1003 2479 1324 2541 redemptionis
1345 2480 1559 2542 pretium,
1599 2478 1730 2541 supra
1752 2493 1813 2525 n:
1835 2493 1978 2541 2959.
2009 2475 2247 2523 ostensum.

547 2546 641 2605 296
645 2562 689 2607 5.
726 2545 869 2604 Quod
894 2545 1111 2606 loquutus
1135 2546 1181 2589 in
1203 2544 1381 2590 auribus
1401 2544 1600 2590 filiorum
1619 2542 1783 2597 Cheth,
1821 2542 1946 2603 quod
1971 2539 2190 2602 significet
2212 2539 2462 2591 secundum

481 2603 736 2657 facultatem
772 2610 956 2655 illorum
989 2610 1070 2671 qui
1103 2624 1128 2654 a
1161 2623 1280 2653 nova
1302 2607 1513 2663 Ecclefia,
1554 2605 1726 2653 constat
1755 2621 1780 2651 a
1802 2605 2124 2667 significatione
2157 2606 2281 2669 loqui
2313 2608 2360 2654 in
2383 2623 2461 2655 au-

481 2675 622 2731 ribus,
657 2675 706 2722 ὅτ
742 2689 767 2719 a
791 2674 990 2720 filiorum
1006 2672 1194 2732 ,Cheth3
1234 2671 1362 2735 loqui
1399 2673 1445 2718 in
1481 2670 1605 2718 sensu
1638 2672 1814 2717 interno
1835 2670 2057 2734 fignificat
2079 2671 2129 2717 ὅτ
2151 2673 2380 2735 percipere
2410 2675 2461 2721 ὅτ

481 2740 616 2797 velle,
651 2739 777 2803 qu0d
801 2739 1043 2802 percipere,
1077 2737 1287 2784 videatur
1309 2753 1339 2784 n
1359 2751 1369 2780 ε
1391 2738 1535 2801 2619,
1567 2736 1694 2800 quod
1717 2735 1847 2793 velle,
1883 2752 1944 2783 nt
1967 2736 2092 2784 2626
2113 2758 2127 2792 3
2165 2753 2289 2784 aures
2312 2751 2463 2798 autem

482 2803 733 2869 significant
754 2804 1072 2859 obedientiam,
1107 2819 1137 2850 n
1157 2820 1167 2850 :
1189 2818 1312 2866 2542
1337 2825 1352 2858 ς
1391 2803 1494 2849 inde
1517 2801 1596 2858 est,
1630 2802 1757 2865 quod
1781 2801 1905 2866 loqui
1935 2799 2200 2860 inauribus,
2235 2803 2289 2851 fit
2309 2800 2461 2852 secun-

484 2872 599 2921 dum
620 2870 895 2927 facultatem,
931 2868 1115 2916 facultas
1138 2870 1259 2916 enim
1285 2867 1348 2915 est
1382 2868 1645 2931 receptionis
1679 2869 1740 2915 ita
1771 2866 2041 2916 obedientiae
2063 2867 2310 2916 secundum
2333 2871 2461 2934 quod

484 2939 585 3000 quis
609 2937 799 3000 percipit
820 2936 869 2982 &
892 2936 1025 2991 vult3
1065 2947 1167 2982 tum
1189 2951 1246 2982 ex
1269 2934 1589 2998 significatione
1615 2934 1815 2981 filiorum
1840 2933 2007 2990 Cheth,
2037 2934 2165 2997 quod
2188 2934 2273 2981 fint
2295 2935 2358 2982 illi
2381 2939 2463 3000 qui

484 3020 510 3050 a
547 3018 664 3050 nova
690 3001 884 3050 Ecclesia
917 3000 1144 3065 spirituali,
1178 3000 1234 3048 de
1256 3016 1345 3064 qua
1378 2999 1507 3063 supra
1539 3016 1761 3064 n22913.
1834 2999 1979 3065 Qod
2016 2998 2285 3048 reformetur
2320 3001 2463 3051 homo

483 3068 716 3125 Ecclesiae,
757 3067 842 3115 hoc
865 3066 944 3125 est,
978 3069 1018 3115 ei
1042 3065 1335 3130 implantetur
1356 3081 1514 3113 verum
1537 3067 1664 3129 quod
1686 3065 1810 3123 fidei,
1835 3067 1884 3114 ὅτ
1903 3065 1990 3115 hoc
2013 3063 2316 3131 conjungatur
2339 3067 2462 3117 bono

484 3134 611 3198 quod
633 3134 870 3191 charitatis,
911 3131 1024 3182 infra
1056 3133 1102 3181 in
1123 3132 1209 3180 hoc
1232 3130 1360 3182 versu
1394 3149 1455 3181 n:
1478 3133 1621 3197 2967,
1663 3131 1850 3180 dicetur.

2319 3199 2460 3265 2966.
