2904 3750
524 237 656 301 432
1020 214 1439 282 GEN
1519 192 1728 296 ‚Es
1817 175 2088 282 rs(

598 407 741 480 3689‘.
779 414 826 460 V
828 413 901 462 ers
914 432 925 463 z
954 431 1022 464 10.
1061 432 1131 462 11.
1169 415 1232 461 Et
1262 415 1398 461 exivit
1422 412 1560 478 Jacob
1593 429 1614 460 e
1637 411 1942 476 Beerschebah,
1978 411 2032 462 &³
2056 413 2145 459 ivit
2166 411 2424 466 Charanem.
2448 412 2453 421 ’
2474 410 2536 461 Et
2574 459 2587 465 ,

529 480 678 527 incidit
713 484 757 527 in
780 481 926 538 locum,
962 481 1017 530 &
1038 483 1310 542 pernofilavit
1338 481 1415 537 ibi,
1450 482 1550 544 quia
1574 479 1723 527 occidit
1749 479 1832 542 sol,
1869 479 1924 527 69³
1947 478 2096 542 sumsit
2130 479 2180 527 de
2204 479 2419 540 lapidibus
2441 479 2538 536 loci,

531 546 585 594 ἑά
615 547 757 609 posuit
780 548 864 611 sub
905 547 1116 609 capitalia
1137 547 1243 609 sua,
1285 547 1339 596 cz?
1373 547 1518 594 cubuit
1558 548 1604 593 in
1643 546 1727 593 loco
1762 545 1847 592 illo.
1936 546 2098 593 Exivit
2139 545 2286 607 Jacob
2339 562 2363 592 e
2404 546 2538 600 Beer—

533 613 739 669 schebah‚
776 613 995 676 fignificat
1021 611 1165 660 vitam
1192 615 1486 660 remotiorem
1521 629 1545 659 a
1579 612 1901 660 doctrinalibus
1924 612 2137 660 Divinis:
2179 613 2229 660 &
2265 611 2348 658 ivit
2372 612 2537 659 Chara-

535 696 659 736 nem,
695 680 914 744 fignificat
939 680 1112 726 bonum
1134 680 1183 726 &
1207 695 1369 726 verum
1393 679 1509 726 illius
1533 678 1698 742 gradus
1718 698 1729 726 ε
1777 679 1840 726 Et
1865 679 2024 726 incidit
2048 680 2093 726 in
2117 678 2291 734 locum,
2317 677 2539 741 significat

535 743 729 794 statum:
771 747 821 792 ὅτ
846 746 1125 809 pernoctavit
1152 743 1214 791 ibi
1252 746 1360 809 quia
1398 745 1567 792 occidit
1591 744 1672 800 sol,
1709 745 1929 808 fignificat
1960 746 2101 793 vitam
2141 744 2185 791 in
2211 744 2432 792 obscuro:
2489 746 2539 792 δε

537 811 690 861 sumfit
725 813 780 858 de
816 811 1039 875 lapidibus
1071 809 1177 867 loci,
1213 810 1435 874 fignificat
1457 826 1561 857 vera
1595 810 1714 857 illius
1754 810 1920 860 status:
1962 813 2011 860 &
2044 810 2193 875 posuit
2228 811 2309 858 sub
2333 810 2537 874 capitalia

538 877 627 934 sua,
665 878 884 941 fignificat
907 879 1372 925 communicationem
1413 878 1828 925 communissimam
1852 893 1961 925 curn
1982 879 2158 926 Divino
2178 900 2194 933 ς
2234 879 2283 925 &
2308 877 2469 925 cubuit
2491 880 2537 924 in

539 944 642 992 loco
666 946 760 1000 illo,
797 944 1016 1006 fignificat
1040 943 1409 1006 tranquillitatem
1434 943 1585 990 status.

611 1013 750 1074 3690.
790 1009 951 1056 Exivit
975 1009 1120 1071 Jacob
1154 1027 1178 1056 e
1213 1009 1530 1066 Beerschebah,
1576 1010 1704 1074 quod
1746 1009 1967 1074 fignifice‘t
2008 1010 2149 1058 vitam
2185 1010 2478 1058 remotiorem
2515 1027 2543 1059 a

541 1075 860 1124 doctrinalibus
884 1077 1085 1132 Divinis,
1135 1075 1307 1123 constat
1344 1093 1371 1123 a
1408 1076 1729 1139 significatione
1766 1078 1843 1133 ire,
1879 1076 2007 1140 quod
2046 1076 2101 1124 fit
2135 1078 2307 1132 vivere,
2354 1076 2410 1129 de
2449 1093 2542 1140 qua

541 1161 570 1191 n
592 1138 609 1191 z*
628 1162 650 1206 3
660 1162 683 1207 3
694 1160 717 1204 3
726 1160 768 1205 5.
797 1143 957 1206 36853
1012 1143 1075 1188 ita
1109 1137 1244 1200 e'xire,
1286 1142 1413 1205 quod
1453 1142 1506 1189 fit
1545 1144 1698 1190 vivere
1735 1144 1984 1198 remotius·,
2034 1144 2082 1190 ὅτ
2122 1159 2181 1190 ex
2218 1143 2543 1204 significatione

542 1208 859 1265 Beerschebah,
883 1208 1008 1272 quod
1033 1209 1086 1255 sit
1109 1209 1330 1256 Doctrina
1351 1209 1536 1265 Divina,
1573 1208 1631 1255 de
1654 1225 1744 1271 qua
1778 1225 1837 1256 n:
1862 1224 2003 1272 2723.
2033 1213 2179 1270 2858,
2207 1213 2351 1274 2859.
2379 1209 2541 1273 3466;

543 1277 647 1323 inde
683 1288 817 1339 patet,
855 1275 980 1338 quod
1017 1290 1098 1337 per
1130 1276 1273 1322 exivit
1296 1274 1441 1337 Jacob
1476 1292 1500 1322 a
1538 1273 1852 1331 Beerschebah,
1889 1274 2164 1338 fignificetur
2197 1276 2292 1322 vita
2329 1277 2545 1323 remotior

541 1360 565 1389 a
589 1341 906 1389 doctrinalibus
930 1342 1111 1388 Divinis
1133 1360 1143 1389 :
1186 1340 1295 1389 Vita
1328 1343 1545 1389 remotior
1573 1342 1756 1398 dicitur,
1790 1342 1976 1405 quando
1999 1341 2071 1388 illa
2093 1341 2158 1389 est
2186 1341 2233 1388 in
2257 1341 2373 1388 veris
2396 1354 2542 1390 exter-

542 1411 625 1464 nis,
663 1410 711 1455 &
736 1408 982 1456 secundum
1009 1408 1081 1454 illa
1104 1408 1292 1465 vivitur,
1328 1408 1441 1456 ficut
1476 1408 1539 1456 est
1576 1410 1672 1456 vita
1706 1405 1908 1455 infantiae
1945 1409 1994 1455 &
2028 1409 2235 1472 pueritiae
2269 1423 2427 1456 eorum
2463 1411 2549 1472 qui¹

542 1487 874 1538 regenerantur,
911 1473 968 1521 de
1007 1474 1173 1537 quibus
1213 1491 1326 1523 mox
1366 1475 1495 1538 supra
1528 1476 1755 1539 nz3688.
1826 1474 1900 1522 Ut
1935 1474 2130 1538 amplius
2164 1486 2310 1538 pateat
2342 1474 2456 1538 quid
2493 1476 2543 1523 &

540 1542 683 1605 qualis
720 1541 792 1588 illa
811 1542 921 1598 vita,
958 1540 1105 1588 adhuc
1130 1542 1283 1604 paucis
1307 1541 1553 1589 dicendum
1577 1542 1667 1590 est:
1714 1542 1869 1590 omnia
1898 1540 2101 1590 historica
2122 1540 2281 1599 Verbi,
2317 1540 2418 1589 sunt
2441 1557 2546 1589 vera

543 1608 784 1655 remotiora
807 1624 830 1654 a
854 1607 1172 1654 doctrinalibus
1198 1607 1300 1670 ipsis
1324 1608 1521 1664 Divinis,
1558 1619 1603 1654 at
1638 1607 1776 1671 usque
1811 1607 2056 1654 inserviunt
2089 1606 2333 1656 infantibus
2357 1609 2409 1656 ὅτ
2431 1624 2542 1672 pue·

542 1676 620 1730 ris,
655 1686 705 1720 ut
729 1690 809 1736 per
833 1673 907 1720 illa
928 1673 1272 1720 introducantur
1296 1675 1340 1719 in
1364 1673 1624 1720 doctrinalia
1647 1675 1742 1720 veri
1776 1675 1824 1720 &
1850 1673 1959 1721 boni
1989 1675 2214 1730 interiora,
2251 1689 2337 1736 per
2355 1674 2538 1736 gradus,

544 1742 592 1788 ὅτ
618 1739 803 1786 tandem
839 1738 894 1785 ab
919 1738 1011 1801 ipsa
1030 1739 1235 1794 Divina3
1278 1739 1438 1785 intime
1460 1739 1583 1786 enim
1618 1739 1665 1785 in
1697 1739 1786 1785 illis
1817 1738 1881 1785 est
1907 1740 2167 1794 Divinum3
2209 1748 2324 1786 cum
2352 1738 2540 1787 infantes

541 1799 616 1853 illa
640 1805 814 1868 legunt,
851 1805 900 1851 ὅτ
930 1804 1018 1851 illis
1051 1820 1108 1852 ex
1148 1805 1401 1853 innocentia
1437 1805 1710 1861 afficiuntur,
1746 1817 1856 1852 tunc
1889 1804 2035 1868 angeli
2066 1803 2188 1868 apud
2222 1805 2321 1851 illos
2357 1807 2401 1851 in
2427 1805 2541 1852 statu

543 1888 723 1919 amaeno
744 1870 914 1918 coelesti
939 1868 1055 1927 sunt,
1092 1886 1195 1918 nam
1231 1872 1260 1918 ii
1296 1888 1320 1918 a
1343 1872 1551 1918 Domino
1567 1871 1836 1925 ,afficiuntur
1860 1870 1983 1917 sensu
2007 1872 2201 1926 interno,
2238 1871 2428 1933 proinde
2454 1871 2540 1917 illis

543 1954 650 2002 quae
681 1936 886 1984 historica
919 1935 1232 2000 repraesentant
1264 1939 1314 1986 δε
1337 1937 1620 2001 fignificant;
1662 1938 1894 1983 amaenitas
1923 1934 2108 1983 caelestis
2132 1935 2423 1999 Angelorum
2459 1936 2538 1994 est,

541 2020 649 2067 quae
681 2004 829 2050 influit
854 2005 902 2052 δε
932 2000 1038 2050 facit
1068 2003 1406 2051 delectationem
1441 2003 1561 2067 apud
1591 2001 1809 2050 infantes:
1853 2014 1905 2049 ut
1936 2003 1973 2048 is
2005 2001 2141 2049 status
2165 2004 2339 2066 primus
2362 2003 2431 2058 sit,
2468 2002 2543 2049 seu

544 2069 744 2118 infantiae
778 2071 827 2117 &
858 2070 1064 2133 pueritiae
1098 2070 1524 2133 regenerandorum,
1561 2069 1664 2117 ideo
1698 2068 1904 2116 historica
1925 2068 2067 2116 Verbi
2105 2069 2207 2116 data
2244 2067 2362 2125 sunt,
2398 2085 2449 2116 ac
2482 2071 2544 2117 ita

543 2136 810 2200 conscripta,
847 2148 898 2183 ut
922 2137 1074 2183 omnia
1098 2138 1147 2183 &
1171 2135 1345 2199 singula
1373 2137 1509 2183 etiarn
1534 2135 1596 2182 ibi
1620 2135 1667 2182 in
1697 2134 1738 2182 se
1761 2136 1930 2182 Divina
1954 2135 2227 2183 contineant.
2298 2136 2540 2195 Quantum

542 2203 617 2250 illa
651 2214 823 2250 remota
855 2201 956 2248 sunt
990 2218 1015 2248 a
1038 2201 1358 2249 doctrinalibus
1379 2202 1577 2260 Divinis,
1612 2214 1764 2266 patere
1798 2201 1946 2266 potest
1973 2201 2031 2248 ab
2064 2200 2278 2264 exemplo
2312 2217 2368 2248 ex
2401 2201 2540 2249 histo-

542 2270 643 2316 ricis
667 2269 785 2323 illis·,
828 2270 907 2332 qui
943 2269 1145 2331 primum
1188 2269 1331 2317 modo
1371 2269 1516 2325 novit,
1552 2268 1677 2332 quod
1702 2269 1828 2316 Deus
1863 2265 2140 2316 descenderit
2176 2266 2305 2331 super
2330 2280 2537 2329 montem

542 2335 679 2391 Sinai,
715 2335 764 2382 &
802 2334 975 2381 dederit
999 2335 1123 2382 Mofi
1156 2335 1345 2392 tabulas,
1381 2335 1548 2399 quibus
1584 2334 1792 2399 inscripta
1830 2333 2015 2382 fuerunt
2048 2333 2205 2382 decem
2230 2333 2453 2390 mandata,
2491 2335 2542 2382 &

542 2402 668 2464 quod
695 2400 845 2447 Moses
870 2400 963 2447 illas
993 2399 1193 2465 fregerit,
1229 2418 1280 2449 ac
1309 2403 1430 2449 Deus
1455 2401 1584 2465 super
1606 2401 1699 2449 aliis
1729 2401 1893 2449 tabulis
1916 2401 2077 2448 similia
2100 2399 2334 2465 scripserit,
2370 2401 2406 2447 is
2430 2416 2539 2451 cum

542 2468 688 2518 solum
714 2467 924 2515 historico
953 2467 1039 2514 hoc
1064 2468 1325 2525 delectatur,
1361 2470 1408 2515 in
1431 2469 1527 2516 vita
1549 2471 1645 2517 veri
1668 2469 1838 2516 externi
1861 2466 1942 2525 est,
1978 2479 2151 2515 remota
2172 2483 2198 2515 a
2220 2466 2541 2526 doctrinalibus

541 2534 753 2598 Divinis:
796 2533 949 2597 postea
992 2546 1144 2581 autern
1192 2550 1300 2582 cum
1340 2536 1500 2598 incipit
1539 2534 1746 2582 delectari
1785 2535 1836 2583 ὅτ
1877 2534 1994 2581 affici
2039 2534 2142 2597 ipsis
2195 2533 2416 2581 mandatis
2467 2532 2551 2579 seuv

543 2601 781 2662 praeceptis
814 2615 919 2662 quae
946 2599 1026 2656 ibi,
1062 2616 1111 2646 ac
1135 2598 1383 2647 secundum
1408 2601 1481 2648 illa
1503 2600 1637 2657 vivit,
1674 2613 1783 2648 tunc
1817 2602 1863 2647 in
1887 2601 1979 2647 vita
2002 2602 2114 2656 veri,
2149 2610 2195 2646 at
2226 2598 2366 2661 usque
2395 2597 2541 2645 adhuc

544 2668 717 2711 remota
746 2664 802 2711 ab
836 2665 938 2727 ipsis
971 2665 1292 2712 doctrinalibus
1315 2667 1498 2713 Divinis
1521 2666 1585 2713 est
1605 2688 1619 2720 3
1654 2668 1750 2713 vita
1772 2665 1895 2712 enirn
1920 2665 2165 2713 secundum
2188 2664 2279 2720 illa,
2304 2663 2366 2710 est
2390 2663 2538 2710 solum

543 2731 636 2777 vita
661 2730 858 2786 moralis,
894 2727 1021 2792 cujus
1050 2743 1275 2793 praecepta
1304 2731 1535 2787 omnibUS‚
1571 2733 1652 2794 qui
1687 2733 1732 2778 in
1763 2731 1966 2778 societate
1989 2731 2185 2777 humana
2206 2728 2324 2785 sunt,
2359 2744 2417 2775 ex
2449 2729 2540 2793 ipsa

543 2797 637 2842 vita
660 2796 782 2843 civili
808 2795 1058 2858 &legibus
1091 2796 1169 2852 ibi,
1206 2804 1363 2852 notae;
1406 2797 1519 2849 sicut
1548 2797 1675 2860 quod
1698 2797 1889 2852 Numen
1920 2795 2182 2851 colendum,
2221 2805 2423 2857 parentes
2457 2795 2540 2842 ho-

543 2862 748 2917 uorandi,
786 2877 876 2907 non
911 2862 1233 2918 occidendum,
1271 2878 1362 2908 non
1395 2862 1758 2919 adulterandum,
1791 2877 1882 2908 non
1918 2860 2199 2916 furandum;
2241 2859 2314 2906 sed
2352 2862 2432 2923 qui
2468 2877 2535 2908 re·

543 2939 797 2991 generatur,
833 2942 858 2972 a
880 2928 973 2974 vita
1006 2927 1086 2973 hac
1123 2928 1378 2983 remotiore,
1414 2927 1487 2974 seu
1516 2944 1542 2974 a
1569 2928 1663 2974 vita
1696 2927 1874 2983 morali,
1908 2942 1989 2989 per
2023 2927 2192 2990 gradus
2226 2926 2456 2974 inducitur
2489 2928 2538 2974 in

540 2996 683 3041 vitam
723 2993 982 3057 propiorem
1023 2992 1341 3039 doctrinalibus
1363 2993 1562 3050 Divinis,
1597 2992 1684 3040 hoc
1721 2992 1799 3049 est,
1837 2994 1882 3039 in
1905 2994 2049 3040 vitam
2079 2992 2387 3056 spiritualem3
2429 3009 2538 3041 cum

539 3059 720 3116 hoc-fit,
757 3071 865 3106 tunc
889 3059 1038 3105 mirari
1061 3059 1236 3122 incipit,
1277 3071 1358 3106 cur
1391 3059 1494 3106 talia
1517 3059 1726 3106 mandata
1759 3057 1830 3106 seu
1857 3071 2081 3123 praecepta
2110 3074 2218 3106 curn
2254 3070 2379 3106 tanto
2402 3061 2538 3107 mira-

539 3126 648 3174 culo
668 3143 692 3173 e
716 3125 836 3173 coelo
860 3124 1044 3172 derniffa
1067 3123 1249 3181 fuerint,
1284 3126 1334 3172 ὅτ
1358 3125 1509 3188 digito
1532 3126 1621 3172 Dei
1651 3124 1859 3189 inscripta
1890 3124 2071 3182 tabulis,
2110 3140 2220 3173 cum
2250 3137 2402 3173 tamen
2433 3126 2535 3173 uni·

535 3194 702 3257 'cuique
725 3191 901 3256 populo
923 3202 1032 3241 nota
1053 3190 1172 3249 sunt,
1209 3192 1259 3241 &
1280 3207 1468 3257 quoque
1497 3191 1660 3256 scripta
1693 3191 1742 3241 in
1774 3191 1948 3257 legibus
1971 3191 2172 3250 illorum,
2207 3192 2289 3256 qui
2313 3191 2536 3304 nusquang

1603 3276 1606 3281 ·
2365 3258 2502 3321 aliqui
