2904 3750
515 237 671 327 578*
820 235 851 289 .·
1031 231 1113 301 G<
1164 231 1252 301 Ε
1333 232 1424 300 2N
1510 233 1575 300 E
1635 232 1718 322 'S
1808 230 1855 300 I
1923 218 2005 300 ‘St

515 372 628 419 fines
653 367 750 418 sunt
769 383 779 414 ε
801 364 1042 417 Naturalis
1056 364 1203 414 homo
1223 367 1269 414 in
1288 364 1666 414 suarbeatitudine
1691 364 1774 421 est,
1803 381 1907 414 cum
1928 379 2028 429 prae
2046 363 2142 413 aliis
2163 365 2406 430 opulentus
2428 364 2513 431 est,

513 453 564 483 ac
585 434 747 483 mundi
772 449 883 497 opes
902 431 1115 495 p'offidet,
1139 444 1186 479 at
1205 432 1448 495 spiritualis
1468 433 1612 480 homo
1632 433 1676 478 in
1699 430 1772 479 sua
1793 431 2079 480 beatitudine
2090 431 2172 492 est,
2199 447 2302 479 cum
2332 433 2377 479 in
2398 447 2509 495 cog-

517 502 774 549 nitionibus
795 498 890 547 veri
906 499 956 546 &
979 497 1108 556 boni,
1145 514 1251 563 quae
1274 497 1372 546 sunt
1389 500 1431 546 ei
1458 499 1713 563 opulentia,
1742 497 1790 545 δε
1810 498 1959 560 magis
1978 514 2082 545 cum
2103 498 2146 544 in
2168 496 2512 545 exercitio-boffa

514 566 763 617 secundum
789 580 898 613 vera
915 563 997 621 est,
1022 579 1104 611 nec
1123 575 1275 612 tamen
1296 563 1465 628 spernit
1481 563 1786 627 opulentiam,
1811 567 1921 628 quia
1944 563 2171 628 perillam
2211 565 2255 612 in
2293 564 2516 612 exercitio

515 633 671 697 potest
694 630 804 691 effe,
841 629 891 676 δι’
918 630 963 676 in
990 629 1190 677 mundo:
1227 638 1284 677 ex
1303 631 1371 679 his
1397 631 1548 693 paucIS
1579 631 1781 677 constare
1809 629 1974 693 potest,
2010 631 2135 694 quod
2160 629 2296 691 status
2319 631 2514 677 Natura-

513 701 570 748 lis
599 697 811 746 hominis
843 695 892 741 ὅτ,
927 694 1185 758 Spiritualis
1222 695 1307 741 sint
1339 695 1418 743 fibi
1449 695 1649 759 oppositi
1682 711 1764 759 per
1797 696 1926 758 fines,
1962 694 2036 743 sed
2074 695 2198 760 quod
2236 694 2371 758 usque
2403 710 2515 743 con-

507 764 655 830 jungi
689 764 875 827 poffint,
915 761 1036 825 quod
1064 760 1118 806 fit
1141 774 1247 808 curn
1275 759 1350 818 illa
1370 776 1478 824 quae
1500 761 1601 807 sunt
1623 760 1822 808 Externi
1857 761 2057 808 hominis
2087 762 2377 810 subordinata
2404 761 2514 809 sunt

517 831 569 878 δε
598 827 852 879 inserviunt
875 826 1045 874 finibus
1072 824 1247 872 Interni
1273 846 1288 880 ·,
1325 825 1431 873 ideo
1454 838 1502 873 ut
1528 824 1674 873 homo
1697 825 1778 872 fiat
1801 825 1826 871 s
1857 825 2063 883 iritualis,
2090 828 2326 875 'necess'urn
2349 826 2432 882 est,
2468 839 2518 875 ut

518 897 595 943 illa
630 911 737 959 quae
770 893 872 940 sunt
892 891 1082 939 Externi
1115 890 1322 938 hominis
1344 891 1402 938 ad
1434 890 1730 956 obsequium,
1762 842 2047 953 redigantur,
2086 891 2148 938 ita
2181 893 2372 939 exuendi
2410 892 2513 939 sunt

518 962 633 1010 fines
649 976 733 1024 pro
749 958 789 1004 se
806 959 854 1004 ὅτ
872 955 1065 1012 mundo,
1092 971 1143 1003 ac
1168 956 1406 1004 induiendi
1433 957 1546 1004 fines
1571 972 1659 1022 pro
1682 956 1900 1021 proximo
1924 956 1973 1004 δε
1999 972 2085 1029 pro
2104 957 2275 1019 Regno
2291 958 2514 1013 Domini'3

520 1028 599 1074 illa
628 1025 733 1073 exui
763 1023 812 1070 δε
842 1023 942 1070 haec
973 1021 1102 1069 indui
1136 1037 1422 1087 nequaquam
1453 1024 1656 1088 possunt,
1693 1024 1754 1070 ita
1786 1038 1878 1070 non
1913 1024 2152 1085 conjungi,
2190 1022 2272 1070 nisi
2306 1038 2386 1087 per
2417 1039 2515 1070 rne-

520 1093 629 1144 dia3
669 1092 768 1138 haec
794 1088 947 1136 media
969 1087 1071 1135 sunt
1093 1102 1199 1151 quae
1221 1088 1536 1152 significantur
1559 1104 1642 1152 per
1666 1089 1866 1145 ancillas,
1902 1090 1952 1136 δε
1973 1089 2014 1135 in
2043 1089 2189 1153 specie
2214 1104 2296 1153 per
2318 1101 2513 1153 quatuor

521 1159 641 1206 filios
665 1157 723 1204 ab
747 1154 924 1203 ancillis
949 1167 1102 1201 natos:
1140 1153 1356 1203 Primum
1386 1156 1591 1203 medium
1623 1157 1687 1203 est
1716 1154 1944 1203 affirmans
1969 1153 2043 1202 seu
2067 1155 2390 1202 affirmativum
2414 1155 2512 1203 veri

523 1223 711 1279 interni,
749 1236 916 1283 nempe
947 1219 1070 1284 quod
1102 1218 1162 1266 ita
1192 1219 1275 1275 fit;
1311 1235 1418 1268 cum
1445 1221 1778 1272 affirmativum
1802 1221 1875 1278 fit,
1912 1233 2023 1268 tunc
2047 1221 2191 1268 homo
2215 1220 2278 1268 est
2307 1221 2361 1268 in‘
2381 1221 2511 1287 prin--

521 1289 649 1352 cipio
685 1285 1058 1348 regenerationis³
1099 1285 1270 1333 bonurn
1304 1287 1363 1334 ab
1399 1287 1582 1335 interno
1619 1299 1852 1351 operatur,
1890 1286 1941 1333 δι·
1974 1285 2084 1334 facit
2114 1286 2512 1342 affirmationem;

526 1356 700 1402 bonum
732 1352 840 1401 illud
880 1367 969 1398 non
1004 1350 1152 1413 potest
1185 1351 1367 1400 influere
1402 1354 1446 1400 in
1481 1355 1765 1417 negativum,
1804 1369 1859 1400 ne
1882 1353 2071 1416 quidem
2097 1352 2142 1400 in
2168 1353 2510 1410 dubitativum,

521 1434 760 1486 antequa-m
797 1419 881 1465 hoc
915 1417 1239 1464 affirmativum
1278 1419 1361 1474 fi't3
1398 1419 1443 1465 id
1476 1420 1652 1477 bonum
1684 1420 1789 1467 dein
1821 1419 1864 1466 se
1898 1418 2151 1467 manifestat
2182 1434 2266 1484 per
2303 1418 2512 1468 affectio-

524 1502 648 1545 nem,
690 1500 857 1548 nempe
892 1500 972 1547 per
1008 1482 1055 1529 id
1085 1482 1212 1547 quod
1248 1485 1392 1532 homo
1421 1485 1643 1533 afficiatur
1669 1501 1803 1542 vero,
1836 1485 1914 1533 seu
1944 1485 2132 1548 incipiat
2162 1484 2377 1533 delectari
2411 1486 2513 1539 illo,

524 1552 727 1614 primurn
753 1549 877 1614 quod
904 1548 1013 1596 sciat
1039 1548 1104 1605 id,
1135 1549 1243 1597 dein
1264 1551 1389 1615 quod
1418 1550 1665 1600 secundum
1691 1551 1738 1599 id
1766 1565 1901 1616 agat·‚
1940 1565 1988 1612 ut
2011 1566 2099 1617 pro
2121 1552 2355 1615 exemplo,
2386 1553 2512 1616 quod

525 1618 759 1676 Dominus
796 1615 848 1663 fit
883 1613 1000 1662 salus-
1029 1615 1186 1678 generi
1227 1617 1446 1670 humano,
1486 1618 1570 1664 nili
1606 1619 1692 1666 hoc
1728 1618 1809 1666 fiat
1845 1617 2172 1666 affirmativum
2209 1619 2266 1665 ab
2303 1617 2509 1674 homine,

528 1699 622 1730 non
650 1683 837 1747 -poffunt
866 1681 1023 1726 omnia
1055 1680 1158 1739 illa„
1184 1696 1288 1743 quae
1316 1681 1374 1728 de
1406 1683 1614 1731 Domino
1646 1699 1703 1730 ex
1728 1683 1888 1730 Verbo
1912 1695 1988 1730 aut
2020 1684 2065 1729 in
2095 1683 2293 1731 Ecclesia
2322 1683 2507 1737 didicit,

529 1749 579 1795 &
616 1750 660 1795 in
700 1745 914 1794 natu-ralis
952 1743 1052 1808 ejus>
1084 1748 1305 1792 memoria
1346 1746 1463 1793 inter
1499 1747 1745 1795 scientifica
1783 1748 1896 1802 sunt,
1935 1747 2103 1810 conjun
2140 1750 2152 1794 i
2185 1764 2288 1794 cum
2323 1748 2510 1795 Interno

528 1812 622 1877 ejus
658 1812 864 1867 homine,
903 1810 990 1858 hoc
1026 1811 1105 1866 est,
1139 1825 1244 1857 cum
1280 1810 1370 1858 illis
1400 1827 1511 1876 quae·
1540 1813 1604 1860 ibi
1642 1813 1824 1876 possunt
1861 1812 1949 1858 effe
1985 1813 2048 1860 fid
2083 1830 2115 1866 ι,
2154 1814 2215 1859 ita
2248 1828 2330 1859 nec
2362 1813 2509 1876 potest

510 1879 713 1928 ,affeffio
735 1877 950 1942 influere,
985 1890 1040 1922 ne
1070 1874 1260 1939 quidem
1289 1877 1331 1923 in
1359 1879 1622 1926 communia
1649 1879 1772 1926 illius
1798 1878 1860 1925 rei
1885 1893 1991 1942 quae
2015 1878 2071 1925 ad
2097 1877 2284 1938 salutem
2310 1877 2510 1925 hominis

527 1945 819 1996 conducunt;
853 1956 900 1990 at
933 1957 1036 1989 cum
1071 1940 1403 1990 affirmativum
1437 1944 1506 2001 fit,
1543 1958 1652 1992 tunc
1683 1940 2034 1992 innumerabilia
2064 1943 2301 1999 accedunt,
2340 1942 2391 1990 &
2423 1945 2510 1991 im*

529 2013 710 2074 plentur
739 2011 862 2056 bono
891 2008 1015 2070 quod
1047 2007 1234 2060 influit3v
1270 2025 1375 2056 nam
1399 2010 1573 2057 bonum
1600 2010 1815 2057 continue
1843 2009 1993 2056 influit
2016 2027 2042 2057 a
2063 2009 2292 2066 Domino,
2330 2009 2407 2056 sed
2430 2010 2509 2058 ubi

517 2093 618 2124 non
650 2076 711 2123 est
741 2073 1083 2128 affirmativum,
1121 2089 1210 2119 non
1242 2074 1488 2138 recipitur:
1524 2076 1588 2123 est
1626 2076 1775 2140 itaque
1806 2076 2129 2123 affirmativum
2170 2076 2374 2138 primum
2412 2092 2509 2123 rne-

527 2141 671 2198 dium,
709 2140 760 2187 ὅτ
783 2139 904 2204 qua-si
938 2141 1136 2203 primum
1170 2139 1474 2188 habitaculum
1505 2141 1616 2190 boni
1649 2141 1877 2190 influentis
1899 2157 1924 2188 a
1948 2142 2192 2190 Domino:
2223 2141 2426 2190 similiter
2459 2141 2502 2190 se

530 2208 666 2255 habet
688 2222 793 2253 curn
818 2205 1034 2253 omnibus
1059 2203 1244 2266 reliquis
1267 2222 1373 2270 quae
1398 2206 1506 2254 fidei
1531 2221 1767 2255 vocantur.

594 2289 739 2337 3914.
777 2271 923 2337 Qod
947 2271 1053 2317 veni
1078 2269 1136 2316 ad
1163 2270 1306 2329 illam,
1341 2272 1560 2336 fignificet
1583 2273 1708 2339 quod
1739 2286 1846 2322 curn
1879 2273 1960 2320 illo
1988 2269 2327 2335 conjunctionis
2360 2270 2513 2320 facul-⁸

501 2351 612 2395 itas,
659 2338 832 2386 constat
865 2352 924 2384 ex
953 2335 1293 2399 fignificatione
1326 2338 1489 2386 venire
1528 2339 1587 2386 ad
1623 2340 1826 2404 aliquam
1863 2338 1934 2386 seu
1974 2338 2155 2394 intrare,
2201 2340 2503 2400 cum-matri·

527 2402 730 2451 moniale
764 2402 1050 2466 intelligitur,
1086 2401 1212 2466 quod
1251 2403 1307 2451 fit
1341 2404 1626 2469 conjunctio,
1661 2406 1739 2454 hic
1783 2403 2126 2469 conjunctionis
2168 2403 2359 2452 facultas
2397 2421 2502 2452 cum

527 2469 816 2583 affirirnativo,
851 2483 958 2517 nam
981 2481 1086 2517 cum
1110 2467 1386 2520 affirmativo
1407 2472 1615 2535 primum
1645 2471 1982 2538 conjunctionis
2005 2470 2110 2527 erit,
2148 2470 2236 2518 hoc
2259 2471 2340 2528 est,
2376 2472 2501 2535 quod

535 2547 598 2582 ita
637 2548 686 2583 it.
996 2578 1010 2590 ,

597 2615 738 2665 39¹5·
773 2600 842 2649 Et
865 2599 1012 2666 pariat
1040 2597 1176 2665 super
1201 2615 1349 2664 genua
1379 2618 1497 2660 mea,
1532 2604 1664 2667 quod‘
1690 2603 1917 2652 fionificet
1945 2601 2232 2666 agnitionem
2257 2601 2502 2651 affectione

531 2664 760 2714 interioris
783 2668 900 2723 veri,
933 2681 989 2713 ex
1010 2681 1096 2730 qua
1118 2665 1397 2731 conjunctio,
1434 2668 1607 2718 constat
1636 2686 1692 2718 ex
1718 2642 2053 2734 significatione
2084 2683 2257 2732 parere,
2293 2667 2420 2732 quod
2446 2669 2500 2715 sit

531 2730 777 2793 agnoscere
801 2730 895 2779 fide
917 2742 1016 2779 tum
1038 2731 1160 2790 actu,
1196 2733 1255 2781 de
1275 2750 1367 2798 qua
1388 2732 1517 2800 supra
1538 2751 1595 2783 n:
1623 2752 1779 2801 39053
1812 2736 1865 2783 δι’
1879 2750 1937 2783 ex
1952 2733 2292 2799 significationeu
2301 2748 2502 2797 genuum

532 2791 610 2843 seu
634 2794 880 2854 femorum,
914 2796 1039 2860 quod
1070 2796 1159 2846 sint
1188 2798 1266 2845 illa
1296 2815 1400 2863 quae
1431 2800 1895 2865 amoris²conjugialis
1917 2800 2036 2856 sunt,
2072 2799 2322 2862 <inquam
2348 2812 2439 2859 30²
2454 2816 2495 2855 1,

531 2860 595 2908 ita
628 2877 732 2926 quae
760 2859 864 2909 sunt
896 2860 1232 2923 conjunctionis
1253 2865 1350 2911 veri
1373 2865 1499 2929 quod
1529 2867 1638 2913 fidei
1665 2867 1715 2914 δε
1738 2865 1850 2913 boni
1879 2865 2008 2928 quod
2038 2865 2227 2918 amoris,
2263 2878 2370 2909 nam
2402 2864 2500 2910 haec

536 2925 796 2991 conjunctio
819 2924 884 2973 est
909 2925 1054 2990 ipsum
1086 2925 1337 2990 conjugiale
1363 2930 1409 2975 in
1435 2931 1604 2993 Regno
1627 2930 1862 2984 Domini3
1899 2931 1963 2975 ita
1993 2943 2152 2991 patere
2188 2928 2320 2991 super
2353 2943 2503 2991 genua

528 3007 644 3041 mea
670 2990 897 3056 fignificat
922 2991 1212 3056 agnitionem
1234 2993 1330 3040 veri
1362 2994 1588 3042 interioris
1609 2994 1734 3059 quod
1759 3009 1844 3057 per
1866 2993 2114 3041 Rachelem
2140 2993 2497 3058 repraesentatur.

538 3057 686 3126 Qod
717 3058 840 3122 apud
871 3059 1101 3124 Antiquos
1128 3057 1474 3121 agnoscerentur
1505 3059 1584 3107 filii
1619 3060 1669 3107 ὅτ
1699 3060 1812 3107 fili'ae
1839 3075 1927 3123 pro
1960 3059 2197 3121 legitimis,
2233 3059 2330 3123 qui
2349 3059 2501 3106 nasce-

535 3122 701 3172 bantur
734 3124 796 3172 ab
826 3122 1001 3173 ancillis
1034 3140 1099 3181 ex
1118 3123 1330 3172 consensu
1362 3127 1529 3183 uxoris,
1563 3138 1700 3191 utque
1731 3124 2092 3188 agnoscerentur,
2129 3136 2339 3190 parerent
2372 3124 2502 3188 super

533 3204 687 3253 genua
718 3188 922 3248 illorum,
959 3190 1210 3240 derivatum
1242 3191 1331 3238 fuit
1362 3192 1421 3238 ab
1442 3193 1651 3259 Antiqua
1681 3191 1908 3248 Ecclesia,
1933 3190 2057 3254 cujus
2091 3191 2238 3239 cultus
2269 3190 2502 3237 constabat

533 3255 580 3303 in
615 3256 866 3316 ritualibus,
901 3271 1004 3322 quae
1036 3250 1399 3324 repraesentativa
1427 3257 1802 3323 &significativa
1830 3256 2081 3307 coelestium
2111 3257 2162 3305 &
2194 3254 2504 3322 spiritualium-

2359 3332 2502 3378 erant,
