2904 3750
566 236 700 324 376
919 205 1299 297 *VG'E
1382 226 1476 298 N
1557 223 1914 295 Est
2000 226 2157 312 S„

556 365 734 414 Verum
769 360 971 412 naturale
1002 357 1066 409 in*
1087 358 1204 409 statu
1231 367 1333 407 ante
1363 358 1770 423 regenerationem,
1805 357 1954 408 solum
1980 357 2268 411 manifestum
2302 363 2389 413 effe
2419 366 2568 431 potest

557 447 615 480 ex
653 430 967 480 affeEtionibus
1000 439 1147 485 tunc,
1187 442 1296 474 cum
1320 425 1464 475 homo
1496 426 1689 475 afficitur
1710 442 1821 475 vero
1846 443 1935 475 non
1971 427 2159 493 propter
2191 429 2304 479 fines
2327 433 2454 492 vitae,
2490 434 2574 483 se&

557 493 744 564 propter
767 498 873 546 alios
898 497 1026 554 fines,
1051 508 1103 543 ut
1127 509 1292 558 nempe
1314 491 1518 542 eruditus
1540 493 1636 551 fiat,
1671 494 1722 542 δε
1745 493 1831 542 hoc
1856 510 1914 542 ex
1936 495 2137 559 quadarn
2160 497 2397 548 affeeiione
2419 517 2572 549 aemus

560 567 754 624 lationis,
794 565 867 613 seu
901 580 958 611 ex
981 562 1178 628 quadam
1213 560 1448 608 affefflone
1478 561 1667 609 invidiae
1700 558 1931 619 infantilis,
1976 564 2025 609 δε
2057 561 2246 629 ςυοέῃάιει
2275 580 2332 613 ex
2367 568 2574 631 quadam*

560 632 796 681 affeffione
818 632 993 696 gloriae,
1033 642 1144 677 tunc
1165 626 1229 675 est
1251 626 1428 676 bonum
1450 628 1734 676 naturalis&
1757 631 2171 688 verumnaturalis,
2211 633 2257 680 in
2282 633 2367 680 tale
2388 635 2576 695 ordine,‘

556 700 706 764 qualis
746 699 821 747 hic
870 713 951 762 per
987 695 1216 758 Jacobum
1256 693 1613 757 repraesentatur,
1664 695 1857 761 proinde
1895 695 1959 757 est
1979 698 2045 757 jin
2085 698 2243 746 ordine
2280 700 2461 749 inverso¹
2495 717 2575 754 re-.·

562 767 775 831 speetive,
817 772 983 827 nempe
1023 775 1134 810 tunc
1158 760 1467 809 voluntarium
1507 760 1636 824 quod
1671 759 1736 807 est
1770 760 1878 809 boni
1914 759 2237 827 estexru's,‚&
2267 767 2573 816 intelleewale

562 834 689 897 quod
715 833 809 878 veri
831 830 893 878 est
917 832 1069 885 intus;
1109 838 1154 876 at
1178 828 1223 875 in
1247 826 1360 875 statu
1384 826 1486 892 post
1509 827 1890 891 regenerationem
1913 828 2024 879 haec⁷
2036 829 2077 878 se
2105 831 2230 888 aliter
2249 832 2431 891 habent,
2454 838 2594 886 tunc„
2649 883 2653 887 ,

567 916 662 946 non
702 898 844 946 modo
879 897 1073 944 afficitur
1108 894 1253 942 homo
1282 910 1394 942 vero
1429 906 1617 958 propter
1645 894 1760 942 fines
1779 895 1914 960 vitae,
1948 894 2022 942 sed
2053 896 2203 945 adhuc
2236 899 2338 962 plus
2373 902 2571 950 afficitur*

564 964 662 1029 ipso
687 964 810 1014 bono
832 964 960 1018 vitae,
996 963 1046 1009 δε
1083 961 1340 1009 affeffiones
1364 962 1559 1025 prioreS,
1590 977 1756 1024 nempe
1794 961 2111 1020 aemulationis,
2148 965 2318 1013 invidia
2348 966 2566 1018 infantilis

565 1033 618 1080 &
656 1031 817 1096 gloriae
852 1029 894 1076 se
931 1029 1146 1099 separant,
1187 1029 1237 1076 ὅτ
1267 1027 1354 1075 hoc
1387 1029 1532 1091 >usque
1566 1039 1619 1076 ut
1649 1026 1860 1091 appareat
1889 1028 2014 1092 quasi
2052 1031 2179 1093 quod
2209 1031 2429 1097 diffipatae
2461 1035 2565 1093 flur,

566 1111 678 1156 tunc
716 1097 841 1151 enim
871 1096 1066 1152 bonum,
1101 1094 1229 1158 quod
1259 1094 1523 1150 voluntatis,
1559 1093 1624 1142 est
1657 1095 1796 1152 intus,
1831 1095 1877 1142 &
1912 1111 2092 1153 verum,
2133 1098 2262 1160 quod
2297 1100 2566 1160 intelleEtus,

570 1164 634 1211 est
655 1177 803 1220 extus,
838 1162 912 1209 sed
937 1163 1076 1225 usque
1099 1163 1177 1218 ita,
1213 1171 1266 1208 ut
1284 1175 1451 1207 «verum
1484 1171 1587 1223 agat
1610 1175 1757 1214 unum
1775 1175 1890 1207 cum
1913 1160 2054 1218 bono,
2088 1165 2196 1225 quia
2217 1167 2273 1211 e'x
2297 1164 2419 1214 bono
2439 1189 2453 1223 ;
2494 1168 2568 1217 hic

567 1231 683 1280 ordo
705 1229 768 1278 est
789 1230 1044 1293 genuinus3
1083 1227 1132 1275 &
1158 1227 1215 1275 ad
1239 1228 1359 1274 hunc
1381 1226 1590 1274 ordinem
1614 1224 1909 1274 formandum
1933 1227 2126 1275 intendit
2148 1230 2272 1293 prior
2293 1232 2424 1290 ordo,
2460 1250 2568 1283 nam
2651 1220 2655 1225 ’

569 1297 880 1345 voluntarium
915 1295 1044 1360 quod
1067 1308 1177 1342 tunc
1198 1306 1329 1350 extus
1361 1291 1441 1350 est,
1477 1293 1680 1341 admittit
1717 1292 1847 1358 plura
1867 1308 1972 1355 quae
1995 1292 2240 1344 inserviunt
2271 1312 2357 1361 pro
2387 1314 2571 1364 regene-

570 1365 757 1421 ratione,
797 1362 861 1410 est
898 1362 1011 1419 ficut
1034 1361 1222 1426 spongia
1254 1376 1362 1424 quae
1392 1359 1539 1418 haurit
1572 1375 1710 1424 aquas
1734 1371 1837 1408 tam
1876 1359 2091 1425 limpidas
2125 1378 2267 1428 quarn
2307 1363 2570 1426 lutulentas,

568 1432 633 1479 ita
649 1446 839 1496 ,quoque
860 1429 982 1488 talia,
1019 1432 1127 1493 q'uae
1145 1427 1348 1492 'alioquin
1369 1425 1698 1491 respuerentur,
1738 1427 1790 1480 δε
1807 1438 1965 1475 tamen
1999 1427 2246 1477 inserviunt
2278 1447 2364 1495 pro
2387 1433 2578 1496 mediis,

570 1499 622 1556 ὅτ
654 1514 840 1563 quoque
863 1512 948 1560 pro
971 1496 1083 1544 ideis
1115 1493 1368 1543 formandis
1391 1493 1450 1541 de
1470 1493 1600 1542 bonis
1621 1494 1671 1542 δε
1695 1495 1828 1551 veris,
1853 1506 2020 1557 praeter
2042 1511 2127 1560 pro
2140 1496 2245 1545 aliis
2267 1498 2432 1548 ufibus.

644 1566 786 1628 3564.
824 1563 971 1628 Qod
997 1578 1089 1611 non
1112 1561 1301 1625 agnovit
1323 1559 1474 1617 illum,
1509 1562 1617 1625 quia
1651 1572 1783 1607 erunt
1807 1576 1965 1608 manus
1992 1559 2090 1625 ejus
2114 1562 2228 1611 ficut
2251 1579 2411 1615 manus
2437 1566 2571 1616 Esavi

569 1627 719 1678 fratris
744 1628 840 1695 ejus
866 1627 1041 1694 pilosae,
1076 1627 1298 1692 significet
1320 1626 1446 1690 quod
1472 1642 1529 1674 ex
1551 1627 1810 1675 voluntario
1844 1627 1971 1688 quod
1994 1639 2126 1677 extus
2159 1633 2409 1697 perciperet
2440 1636 2570 1696 quod

570 1696 675 1744 esset
698 1697 874 1744 bonum
898 1694 1112 1750 naturale,
1147 1704 1271 1756 patet
1298 1708 1357 1740 ex
1378 1708 1450 1748 eo,
1485 1693 1611 1755 quod
1637 1707 1729 1739 non
1757 1694 1994 1754 agnoverit
2014 1694 2243 1753 Jacobum
2268 1713 2353 1759 pro
2375 1699 2569 1760 jacobo,

569 1762 659 1810 hoc
681 1762 762 1820 est,
797 1777 961 1808 verum
985 1759 1113 1823 quod
1136 1757 1336 1821 Jacobus
1366 1757 1666 1821 repraesentat,
1702 1755 1776 1804 {ed
1800 1757 1927 1820 quod
1958 1762 2205 1824 perceperit
2227 1761 2445 1823 Esavum,
2481 1766 2569 1816 hoc

569 1828 654 1886 est,
702 1830 878 1878 bonum
915 1826 1112 1875 naturale
1150 1824 1278 1888 quod
1309 1835 1459 1881 extus,
1505 1825 1556 1872 δε
1595 1823 1683 1871 hoc
1719 1834 1905 1886 propter
1943 1825 2185 1884 influxum,
2232 1829 2290 1876 de
2323 1846 2422 1894 quo
2440 1849 2570 1882 xmox

569 1895 701 1960 supra
734 1912 764 1942 n
783 1913 794 1944 ε
816 1895 941 1960 3563
963 1911 974 1942 :
1017 1894 1133 1940 inter
1154 1891 1329 1939 bonum
1352 1891 1477 1938 enim
1498 1891 1684 1938 interius
1708 1887 1756 1938 &
1780 1888 1956 1939 bonum
1977 1893 2171 1939 exterius
2194 1893 2325 1941 datur
2353 1911 2567 1947 commu-

572 1963 758 2019 nicatio,
792 1964 899 2025 quia
932 1957 1235 2025 paralelismus
1269 1974 1329 2005 n:
1356 1960 1494 2020 1831.
1528 1961 1667 2019 1832.
1695 1971 1840 2018 3514,
1878 1970 1969 2003 non
2004 1968 2155 2005 autem
2180 1959 2296 2007 inter
2318 1960 2493 2012 bonum
2518 1967 2570 2014 δε

571 2044 753 2085 verum,
789 2027 871 2090 nisi
894 2028 1092 2074 influxus
1117 2026 1223 2073 boni
1246 2025 1292 2070 in
1316 2038 1477 2070 verum
1502 2022 1556 2069 fit
1588 2022 1705 2078 taliS‚
1729 2021 1873 2088 qualis
1896 2037 2009 2069 mox
2031 2022 2162 2087 supra
2185 2025 2432 2092 descriptus
2455 2030 2533 2089 est.

643 2096 786 2159 3565.
824 2094 889 2142 Et
925 2092 1152 2140 benedixit
1188 2090 1269 2146 illi,
1310 2088 1439 2152 quod
1476 2087 1700 2152 significet
1738 2087 1845 2136 inde
1881 2087 2268 2153 conjunctionem,
2308 2096 2481 2145 constat
2511 2115 2570 2147 ex

569 2162 895 2226 fignificatione
933 2158 1155 2214 benedici,
1189 2155 1316 2220 quod
1355 2154 1410 2203 fit
1448 2153 1725 2213 con'une‘tio,
1761 2155 1818 2202 de
1853 2171 1943 2220 qua
1977 2172 2006 2204 n
2026 2174 2038 2205 ε
2061 2175 2206 2221 3504.
2233 2177 2374 2223 3514.
2405 2180 2567 2229 35303

572 2228 647 2277 sed
683 2231 729 2276 in
753 2228 839 2275 hoc
863 2226 977 2273 statu
1000 2221 1263 2287 conjunctio
1292 2238 1383 2270 non
1412 2221 1496 2274 alia
1518 2173 1622 2280 fJuit,
1658 2237 1798 2291 quam
1820 2237 1928 2285 quae
1962 2238 1993 2270 n
2013 2240 2029 2282 :s
2045 2223 2191 2289 3563,
2226 2226 2444 2291 descripta
2470 2230 2566 2289 est,

571 2296 733 2343 intima
761 2292 1021 2358 conjunctio
1044 2290 1148 2348 fuit,
1186 2288 1258 2344 sed
1288 2303 1381 2336 non
1406 2288 1572 2346 media,
1607 2303 1717 2337 cum
1740 2289 1852 2337 vero
1880 2304 1965 2352 per·
1983 2290 2013 2350 J
2017 2291 2211 2340 acobum
2235 2294 2567 2357 repraesentato,

572 2364 635 2412 ita
668 2377 748 2426 per
771 2361 929 2417 finem,
965 2359 1046 2423 qui
1068 2357 1132 2407 est
1155 2356 1372 2405 intimum
1398 2355 1591 2412 bonum,
1626 2356 1706 2428 qui
1730 2353 1836 2412 fuit,
1872 2367 1925 2403 ut
1956 2346 2016 2403 fic
2045 2373 2137 2406 non
2163 2358 2289 2407 aliter
2311 2360 2408 2410 fieri
2431 2364 2571 2427 'potu-

571 2429 690 2486 erit3
731 2444 840 2476 cum
874 2426 977 2474 finis
999 2424 1079 2481 est,
1115 2436 1224 2472 tunc
1253 2423 1458 2487 primum
1495 2421 1560 2470 est
1590 2423 1854 2486 conjunctio
1886 2422 2156 2472 intimorum
2189 2441 2297 2474 cum
2337 2430 2568 2488 extremis,

570 2486 725 2557 inedia
747 2492 1007 2557 conjunctio
1030 2491 1266 2539 successive
1287 2489 1430 2547 venit,
1464 2488 1551 2537 hoc
1575 2500 1787 2553 operatur
1816 2488 1935 2546 finis,
1971 2505 2077 2537 nam
2101 2492 2148 2538 in
2171 2491 2261 2541 fine
2285 2493 2393 2542 latet
2415 2496 2567 2546 omnis

572 2563 851 2625 progressio,
892 2560 1124 2620 Dominus
1156 2558 1279 2621 enim
1312 2571 1394 2621 per
1414 2556 1528 2617 fines
1557 2556 1670 2619 agit,
1704 2556 1756 2603 &
1779 2570 1860 2618 per
1895 2554 1996 2603 illos
2033 2558 2296 2619 intermedia
2330 2559 2568 2610 successive

571 2629 621 2688 in
641 2626 850 2674 ordinem
872 2623 1086 2689 disponit,
1110 2624 1228 2687 inde
1265 2622 1330 2671 est
1367 2620 1646 2687 conjunCtiO,
1680 2636 1787 2687 quae
1809 2620 2087 2685 significatur
2115 2639 2200 2688 per
2229 2625 2355 2688 'quod
2378 2626 2566 2688 Jischak

571 2692 801 2754 benedixit
823 2693 1012 2753 Jacobo.
1142 2691 1144 2693 ’
1539 2696 1541 2698 ’
2066 2714 2068 2719 ·
2172 2718 2179 2721 -

643 2759 786 2821 3566.
822 2757 945 2805 Vers
959 2776 970 2806 :
993 2775 1069 2818 24.
1098 2774 1174 2821 25.
1224 2759 1289 2806 Et
1326 2756 1454 2813 dixit,
1484 2767 1539 2804 -tu
1570 2758 1612 2803 'is
1630 2755 1755 2815 filius
1785 2772 1897 2820 metgs
1917 2757 2054 2820 Esau,
2084 2756 2146 2806 .&
2175 2756 2303 2814 dixit,
2343 2774 2452 2820 ego.r
2503 2761 2570 2808 Et

569 2825 701 2888 dixit,
738 2823 860 2886 aaffer
893 2823 1014 2880 mihi,
1051 2823 1107 2885 &³
1146 2823 1262 2870 edam
1296 2839 1319 2870 e
1354 2824 1577 2872 venat-ione
1595 2822 1688 2881 filii
1721 2825 1817 2878 mei,
1851 2823 1942 2870 ideo
1955 2833 2023 2886 ,ut
2060 2823 2275 2872 benedicat
2308 2825 2392 2871 tibi
2420 2827 2569 2875 anima

564 2908 697 2946 mea,
734 2891 790 2939 {9²
812 2889 964 2937 attulit
987 2888 1068 2946 illi,
1105 2889 1160 2937 &
1184 2889 1286 2945 edit,
1323 2888 1379 2937 &⁹
1406 2888 1590 2935 adduxit'
1609 2888 1676 2934 illi
1697 2890 1861 2944 vinum,
1897 2888 1954 2937 &
1973 2888 2098 2936 bibit.
2167 2889 2318 2947 Dixit,
2353 2902 2405 2938 tu
2440 2892 2476 2939 is
2511 2893 2568 2940 fi-

572 2959 660 3005 iius
686 2971 813 3017 meus
837 2955 971 3018 Esau,
1009 2955 1058 3002 &
1082 2955 1345 3017 dixit,‘ego,
1369 2952 1591 3016 fignificat
1615 2952 1779 3008 statum
1802 2952 2048 3004 affectionis
2074 2955 2166 3003 veri
2189 2955 2571 3022 naturalis„quod
2618 2986 2634 3002 t

573 3024 773 3072 crederet
805 3034 914 3082 tunc
942 3019 1031 3083 'esse
1063 3020 1239 3081 bonurn
1272 3019 1487 3076 naturale,
1522 3035 1579 3066 ex
1614 3017 1761 3067 forma
1785 3032 1994 3069 externa:
2042 3021 2107 3068 Et
2129 3021 2260 3080 dixit,
2295 3021 2422 3084 adfer
2448 3023 2569 3072 mihi

570 3083 623 3138 'ec
660 3089 792 3137 edam
828 3105 854 3135 a
876 3086 1220 3149 venationefilii
1246 3087 1354 3144 mei,
1390 3085 1612 3150 fignificat
1641 3086 1912 3134 desiderium
1944 3084 2253 3151 conjungendi
2287 3089 2369 3137 fibi
2399 3106 2564 3138 verum

530 3154 533 3156 ’
567 3155 769 3217 naturale
792 3170 872 3222 per
895 3156 1103 3218 bonurn:
1146 3154 1250 3215 ideo
1277 3153 1588 3225 ut'benedicat
1610 3152 1691 3203 tibi
1707 3153 1863 3223 lanima
1886 3170 2003 3221 mea,
2037 3153 2259 3220 fignificat
2281 3154 2569 3222 conjunctio.-

1302 3253 1305 3257 ν
2064 3237 2067 3240 ·
2412 3237 2564 3276 ‚nemz

541 3464 650 3592 ,⁴-

624 3609 657 3640 «ο
1218 3599 1253 3634 ὀ
