2904 3750
629 170 1584 267 CAPUT.V1GE31MUM
1630 195 2151 261 OCTAVUM.
2251 220 2403 284 437-

388 351 442 389 ut
465 354 715 388 commune
738 339 787 385 in
809 332 1139 384 exterioribus:
1175 333 1276 381 haec
1297 347 1481 396 quoque
1502 331 1765 401 sunt‚,quae
1787 332 2158 395 repraesentantur
2180 335 2230 383 δε
2255 335 2392 400 figni-

385 409 579 455 ficantur
601 421 683 471 per
706 403 868 453 scalam
889 402 1101 450 statutam
1132 411 1280 456 terrae,
1317 397 1447 462 cujus
1469 412 1609 462 caput
1631 399 1910 462 pertingeret
1931 399 2123 458 coelum,
2148 403 2196 450 &
2215 402 2388 467 Angeli

383 476 472 523 Dei
502 473 787 522 ascenderent
819 472 871 518 &
893 466 1210 515 descenderent
1232 467 1279 512 in
1302 464 1392 521 illa,
1428 464 1486 511 de
1508 481 1601 528 qua
1621 464 1833 528 sequitur.
2026 522 2029 523 7

450 541 592 606 3696.
629 539 694 587 Et
714 537 874 585 cubuit
898 536 942 583 in
966 532 1072 580 loco
1093 530 1191 588 illo,
1226 531 1355 595 quod
1377 530 1599 594 significet
1622 531 1993 595 tranquillitatem
2023 530 2177 591 status,
2209 535 2387 584 constat

381 625 408 656 a
429 606 755 671 significatione
776 598 955 656 cubare,
992 597 1122 662 quod
1145 597 1199 645 sit
1233 600 1280 645 in
1302 597 1416 646 statu
1438 597 1779 662 tranquillitatis
1810 599 1894 647 effe
1913 621 1928 654 3
1970 598 2155 648 cubatio
2175 604 2301 649 enim
2333 605 2384 651 ὅτ,

383 673 602 723 dormitio
622 686 728 718 *non
755 667 884 715 aliud
923 664 1021 720 est3
1070 665 1199 729 quod
1229 666 1396 713 cubare
1445 666 1496 712 in
1527 663 1650 712 sensu
1685 665 1865 714 interno
1911 664 2026 713 illud
2064 665 2137 724 sit,
2186 669 2386 717 constare

334 742 338 745 ’
378 755 567 805 quoque
600 735 749 802 potest
785 735 839 780 ab
871 733 967 781 aliis
997 732 1109 779 locis
1139 733 1185 779 in
1209 731 1381 788 Verbo,
1417 731 1475 780 de
1499 731 1666 795 quibus
1703 748 1816 780 mox
1849 730 1979 780 infra.
2050 734 2175 781 Cum
2200 751 2384 799 regene-

380 806 547 863 randiS‚
582 805 640 852 de
672 802 839 868 quibus
878 801 953 848 hic
992 801 1040 846 in
1077 797 1201 846 sensu
1240 801 1420 847 interno
1447 796 1815 862 repraesentativo
1852 800 2020 863 agitur,
2056 801 2118 847 ita
2157 799 2199 848 se
2232 802 2383 861 habet,

378 873 505 939 quod
530 872 742 920 omnium
768 870 921 933 primo
943 866 1030 914 sint
1068 867 1116 913 in
1154 865 1270 914 statu
1307 865 1658 929 tranquillitatiS‚
1695 864 1767 912 seu
1804 867 1851 914 in
1874 865 1990 913 statu
2023 868 2145 930 pacis
2168 882 2384 927 externae,

377 956 483 988 nam
523 955 615 1003 pax
652 950 837 985 externa
874 933 949 982 seu
983 935 1033 980 in
1067 934 1264 980 externis
1284 946 1479 980 vocatur
1512 931 1842 996 tranquillitas3
1878 933 2150 997 producitur
2181 936 2319 983 etiarn
2359 953 2386 985 a

375 1001 488 1055 statu
513 1007 635 1071 pacis
656 1005 819 1052 divino
850 1003 935 1066 qui
966 1001 1145 1057 intime,
1178 1001 1230 1048 ὅτ
1262 998 1412 1047 existit
1444 1001 1490 1048 in
1526 1000 1722 1048 externis
1744 1015 1826 1064 per
1847 1000 1912 1058 id,
1950 1000 2080 1064 quod
2113 1002 2384 1066 cupiditates

376 1074 425 1122 &
464 1071 668 1122 falsitates
699 1080 1035 1124 removeantur,
1071 1066 1144 1114 hae
1174 1067 1299 1115 enim
1336 1065 1439 1114 sunt
1473 1082 1581 1130 quae
1615 1082 1804 1115 ornnem
1841 1067 2084 1132 irrequiem
2116 1067 2382 1119 causantur:
2454 1078 2457 1079 ’

375 1142 526 1188 omnis
559 1142 695 1187 etiarn
730 1138 873 1185 homo
905 1137 954 1183 in
977 1133 1092 1181 statu
1117 1133 1450 1198 tranquillitatis
1472 1132 1536 1181 est
1560 1134 1607 1180 in
1628 1134 1857 1198 principio
1878 1136 1991 1181 vitae
2014 1133 2105 1181 suae
2127 1133 2201 1182 seu
2231 1136 2278 1183 in
2312 1138 2384 1184 in-

374 1205 529 1263 fantia,
566 1206 639 1252 sed
662 1216 889 1269 quantum
912 1202 1054 1249 homo
1084 1201 1132 1247 in
1154 1201 1300 1248 vitam
1322 1201 1492 1264 pergit,
1527 1199 1606 1247 seu
1635 1199 1864 1258 adolescit,
1901 1213 2081 1249 tanturn
2116 1217 2143 1248 a
2164 1202 2278 1250 statu
2302 1204 2392 1253 illov

374 1272 417 1320 se
441 1285 666 1328 removet,
702 1272 808 1335 quia
830 1269 872 1316 se
891 1268 970 1316 dat
994 1269 1040 1314 in
1064 1282 1192 1315 curas
1216 1266 1485 1324 mundanas,
1518 1267 1570 1315 &
1594 1267 1703 1315 inde
1734 1267 1975 1315 anxietates
1997 1284 2079 1332 per
2110 1269 2383 1332 cupiditates

374 1341 540 1387 amoris
577 1338 640 1386 sui
676 1339 722 1386 δι
749 1335 932 1392 mundi,
974 1335 1023 1382 ὅτ
1047 1349 1129 1399 per
1151 1331 1358 1382 falsitates
1381 1334 1516 1382 inde:
1558 1349 1691 1397 paene
1720 1333 2012 1382 consimiliter
2047 1333 2088 1382 se
2112 1335 2247 1384 habet
2269 1354 2380 1386 cum

375 1409 470 1454 vita
504 1422 623 1454 nova
656 1406 778 1468 apud
802 1404 1036 1451 hominem
1072 1402 1154 1465 qui
1183 1413 1502 1464 regeneratum
1536 1400 1765 1465 principio
1786 1400 1852 1448 est
1882 1402 1926 1448 ei
1959 1400 2097 1450 status
2130 1405 2390 1467 tranquilli·-

375 1475 495 1530 tatis,
533 1473 604 1520 sed
625 1472 743 1519 ficut
781 1473 828 1519 in
852 1471 996 1517 vitam
1029 1484 1203 1516 novam
1234 1467 1404 1525 transit,
1439 1469 1501 1516 ita
1537 1469 1675 1515 etiam
1712 1468 1759 1515 in
1796 1465 1964 1515 statum
1998 1469 2380 1534 intranquillurn;

373 1553 618 1604 emergunt
641 1540 763 1586 enirn
789 1539 839 1585 &
862 1536 1094 1600 prodeunt
1126 1534 1245 1582 mala
1272 1536 1323 1583 δε
1346 1533 1466 1591 falsa,
1501 1550 1608 1598 quae
1631 1535 1757 1598 prius
1780 1533 2021 1592 imbuerat,
2042 1536 2094 1583 ὅτ
2115 1537 2385 1600 perturbant

373 1606 521 1663 illum,
558 1608 608 1654 ὅτ
631 1605 816 1653 tandem
850 1601 994 1681 usque
1016 1602 1147 1658 adeo,
1181 1602 1304 1648 utin
1327 1600 1652 1649 tentationibus
1690 1602 1740 1648 δε
1766 1601 2078 1649 vexationibus
2113 1603 2166 1650 fit
2199 1620 2224 1651 a
2247 1605 2380 1653 turba

372 1673 610 1728 diabolica,
652 1687 760 1735 quae
798 1681 1016 1718 continue
1054 1668 1302 1715 connititur
1330 1666 1498 1714 statum
1538 1668 1652 1714 vitae
1692 1665 1789 1730 ejus
1829 1683 1965 1715 novae
2002 1668 2260 1726 destruere;
2307 1671 2380 1720 sed

374 1739 512 1803 usque
534 1739 597 1786 est
621 1737 757 1785 status
779 1737 902 1801 pacis
933 1738 975 1782 ei
1014 1735 1191 1791 intime,
1231 1734 1312 1798 qui
1347 1732 1427 1781 nisi
1452 1734 1612 1780 intime
1645 1731 1780 1790 foret,
1822 1750 1915 1781 non
1937 1749 2178 1798 pugnaret,
2213 1736 2381 1800 spectat

369 1807 492 1853 enirn
516 1807 730 1854 continue
754 1804 903 1860 illum,
939 1803 986 1850 iri
1008 1802 1178 1866 pugnis
1212 1803 1259 1848 in
1282 1800 1467 1865 quibus,
1501 1812 1556 1847 ut
1577 1800 1737 1857 finem,
1773 1802 1855 1864 qui
1879 1801 1959 1848 nifi
1982 1802 2086 1849 effet
2120 1803 2239 1861 finis,
2275 1805 2382 1852 nusss

369 1888 511 1935 quam
533 1873 573 1918 ei
597 1871 712 1918 foret
732 1873 803 1918 vis
826 1871 875 1918 &
901 1869 1042 1919 robur
1063 1869 1114 1916 ὅτ
1138 1868 1440 1932 pugnandum
1462 1889 1477 1924 3
1515 1867 1619 1915 inde
1640 1883 1826 1932 quoque
1849 1867 1929 1925 est,
1953 1869 2079 1932 quod
2106 1871 2259 1917 vincat
2279 1893 2293 1926 ;
2329 1874 2381 1921 δε

369 1939 476 2001 quia
498 1937 574 1984 ille
606 1936 673 1991 est*
703 1935 824 1994 finis,
861 1938 999 1985 etiam
1034 1932 1136 1999 post
1158 1950 1334 1998 pugnas
1374 1934 1448 1982 seu
1486 1935 1753 1983 tentationes
1790 1936 1837 1982 in
1874 1934 2006 1983 illum
2030 1934 2195 1983 statum
2218 1940 2377 1995 venit,

367 2004 435 2051 est
468 2004 544 2052 ille
579 2003 691 2051 ficut
726 2002 864 2050 status
885 2003 1021 2058 veriS,
1057 2001 1138 2062 qui
1164 2000 1268 2064 post
1299 2000 1468 2049 statum
1504 2002 1714 2049 autumni
1749 2002 1795 2050 &
1834 2001 2012 2065 hyemis
2048 1999 2260 2062 succedit,
2303 2004 2377 2054 seu

366 2070 482 2118 ficut
504 2070 640 2118 status
674 2086 847 2118 aurorae
880 2069 961 2133 qui
995 2066 1097 2132 post
1121 2067 1349 2131 vesperam
1374 2068 1424 2115 ὅτ
1448 2068 1648 2124 noctem,
1683 2068 1811 2132 quod
1846 2068 1981 2116 status
2008 2071 2128 2134 pacis
2168 2071 2213 2117 in
2252 2070 2378 2136 spiri-

366 2137 564 2185 tualibus
600 2137 652 2184 sit
686 2136 821 2184 instar
841 2137 959 2183 veris
995 2136 1045 2182 δε
1080 2149 1255 2182 aurorae
1289 2134 1336 2180 in
1370 2133 1664 2190 naturalibus,
1705 2135 1915 2182 videatur
1948 2152 2010 2184 n:
2036 2138 2172 2202 1726.
2212 2143 2375 2202 27803

368 2204 419 2251 δε
442 2204 571 2268 quod
594 2219 685 2268 pax
715 2220 741 2250 a
763 2203 887 2250 bono
910 2203 958 2250 &
981 2215 1092 2248 vero
1114 2200 1183 2256 sit,
1221 2201 1269 2248 ὅτ,
1295 2201 1507 2264 irrequies
1528 2216 1554 2247 a
1568 2198 1700 2247 -malo
1718 2201 1771 2246 ὅτ
1794 2198 1921 2261 falso,
1956 2218 1986 2248 n
2006 2221 2017 2250 :
2039 2220 2182 2268 3170.
2229 2206 2379 2265 Quod

369 2270 618 2323 Cubarein
641 2270 797 2318 Verbo
822 2268 1044 2334 significet
1065 2266 1399 2330 tranquillitatis
1423 2265 1606 2323 statum,
1646 2265 1844 2314 constare
1866 2267 2012 2330 potest
2042 2270 2100 2316 ab
2122 2270 2190 2317 his
2226 2270 2337 2319 locis
2358 2294 2373 2328 ;

370 2335 495 2399 apud
520 2335 703 2393 Mosen,
746 2341 782 2363 ‘⁶
806 2336 854 2382 Si
890 2338 938 2383 in
975 2334 1150 2381 statutis
1188 2335 1300 2381 meis
1335 2332 1688 2390 ambulaveritis,
1726 2334 1776 2381 &
1799 2347 2024 2398 praecepta
2048 2352 2147 2382 mea
2169 2335 2374 2385 observa-

367 2403 539 2458 veritis,
574 2403 625 2449 &
648 2401 842 2449 feceritis
865 2401 958 2457 illa,
982 2400 1090 2448 dabo
1111 2412 1261 2462 pacem
1283 2402 1329 2447 in
1351 2410 1489 2456 terra,
1513 2400 1563 2446 δε
1585 2399 1811 2456 cubabitis,
1836 2401 1879 2447 δι
1909 2416 2047 2447 nemo
2069 2400 2334 2451 tenefaciens
2355 2426 2371 2461 3

368 2469 418 2516 &
443 2468 599 2516 ceffare
630 2467 795 2516 faciam
832 2466 973 2515 feram
1000 2466 1168 2513 malam
1202 2483 1227 2512 e
1258 2478 1390 2523 terra,
1430 2467 1480 2514 &
1517 2466 1696 2529 gladius
1733 2482 1824 2513 non
1854 2466 2053 2514 transibit
2090 2483 2171 2531 per
2205 2482 2380 2518 terram·

365 2534 612 2591 vestram,'’
649 2535 790 2582 Levit
809 2554 819 2582 :
840 2550 959 2581 xxvi
981 2552 993 2581 ε
1018 2550 1059 2596 3.
1087 2533 1148 2589 63
1189 2533 1369 2580 Cubare
1394 2531 1622 2580 manifeste
1650 2532 1707 2579 de
1738 2531 1853 2580 statu
1889 2535 2010 2596 pacis
2043 2535 2093 2582 &
2116 2536 2369 2599 tranquilli-

367 2603 502 2657 tatis·‚
557 2600 651 2648 fera
684 2601 801 2649 mala
835 2617 920 2665 pro
953 2599 1295 2663 Cupiditatibus
1333 2600 1456 2656 mali,
1504 2616 1534 2646 n
1560 2616 1672 2663 ³45-
1699 2599 1778 2659 46.
1805 2604 1919 2664 908,
1961 2616 2068 2664 quae
2107 2601 2379 2660 cessabunt,

366 2668 545 2732 gladius
569 2683 654 2732 pro
677 2667 786 2715 falso
807 2680 1041 2732 pugnante
1064 2682 1219 2714 contra
1237 2667 1420 2722 verum,
1456 2682 1487 2712 n
1507 2684 1517 2714 :
1540 2682 1686 2732 2799,
1721 2666 1848 2730 quod
1874 2682 1975 2714 non·
1990 2667 2225 2724 transibit;
2265 2670 2374 2717 inde

365 2751 549 2799 quoque
574 2747 714 2800 patet,
750 2735 879 2799 quod
902 2749 992 2798 pax
1014 2734 1062 2780 ὅτ
1087 2734 1208 2797 pacis
1232 2733 1533 2797 tranquillitas
1557 2732 1612 2780 sit
1645 2749 1671 2780 a
1692 2732 1815 2781 bono
1838 2734 1887 2780 &
1912 2749 2038 2790 vero,
2064 2735 2119 2782 ὅτ
2137 2736 2370 2799 quodde·

365 2799 549 2848 structio
587 2799 690 2866 ejus*
716 2818 741 2849 a
772 2802 899 2849 malis
935 2802 983 2848 δε
1017 2798 1148 2848 falsis.
1219 2800 1366 2864 Apud
1390 2799 1586 2856 Esaiam,
1623 2805 1658 2827 “
1683 2800 2059 2848 Commorabitur
2088 2801 2223 2865 lupus
2258 2819 2374 2851 cum>

365 2881 502 2931 agno,
538 2869 587 2916 δε
611 2868 778 2932 pardus
802 2884 911 2916 cum
937 2866 1080 2915 hae-do
1103 2867 1306 2923 Cubabit,
1340 2867 1391 2914 ὅτ
1411 2867 1588 2914 vitulus
1618 2867 1668 2914 &
1704 2867 1775 2914 leo
1807 2864 2006 2930 juvenis
2029 2884 2133 2924 una,
2173 2870 2224 2921 &
2257 2885 2376 2932 puer

366 2948 532 2994 parvus
564 2934 701 2986 ducet
723 2951 833 2991 eos;
872 2935 933 2982 ὅτ
953 2927 1151 2998 juvenca
1189 2935 1239 2983 δε
1273 2932 1399 2981 ursus
1423 2933 1617 2998 pascent,
1657 2950 1744 2980 una
1777 2934 1988 2981 cubabunt
2010 2934 2145 2997 scetus
2178 2939 2366 2993 eorum,”

296 3005 301 3011 ‘
365 3013 415 3044 xi
439 3016 450 3045 z
472 3015 515 3060 5.
544 2999 591 3055 6,
630 3001 708 3048 ubi
730 3002 787 3048 de
806 3003 1019 3049 Domino
1044 3002 1095 3049 δε
1125 3000 1183 3048 de
1213 3000 1328 3048 statu
1363 3001 1487 3064 pacis
1525 3001 1572 3047 in
1602 3001 1770 3064 Regno
1794 3000 1973 3064 Ipsius·,
2014 3001 2243 3049 cubabunt
2277 3019 2377 3049 una·

367 3078 451 3131 pro
490 3065 616 3127 quod
653 3082 746 3114 non
778 3067 974 3115 infestari
1012 3080 1231 3131 poterunt
1266 3066 1324 3114 ab
1360 3066 1456 3115 ullo
1492 3066 1613 3114 malo
1646 3068 1695 3114 &
1717 3065 1841 3114 falsa
1913 3067 2367 3131 ApudrHoscheam,

368 3134 402 3155 ‘⁴
428 3129 631 3192 Pangam
672 3132 757 3179 illis
792 3131 948 3180 foedus
983 3134 1032 3180 in
1069 3134 1142 3181 die
1175 3133 1257 3182 illo
1290 3149 1399 3181 curn
1427 3132 1526 3181 fera
1548 3134 1671 3196 agri,
1692 3158 1694 3161 ·
1714 3135 1763 3181 δε
1786 3149 1894 3180 cum
1922 3149 2003 3180 ave
2030 3134 2274 3188 coelorum,
2316 3135 2375 3181 &-

357 3194 518 3261 reptili
543 3207 674 3245 terrae
694 3219 709 3254 ·,
750 3200 800 3247 ὅτ
822 3214 999 3255 arcum,
1036 3201 1085 3249 δι
1108 3199 1345 3263 gladium,
1371 3201 1422 3248 &
1444 3199 1616 3248 bellum
1640 3198 1849 3263 frangam
1884 3199 1940 3247 de
1964 3211 2095 3256 terra,
2135 3201 2190 3249 ὃ
2208 3199 2382 3326 szara

2240 3281 2391 3317 aciani,-
