<?xml version="1.0" encoding="UTF-8"?>
<!DOCTYPE html PUBLIC "-//W3C//DTD XHTML 1.0 Transitional//EN"
    "http://www.w3.org/TR/xhtml1/DTD/xhtml1-transitional.dtd">
<html xmlns="http://www.w3.org/1999/xhtml" xml:lang="en" lang="en">
 <head>
  <title>
</title>
<meta http-equiv="Content-Type" content="text/html;charset=utf-8" />
  <meta name='ocr-system' content='tesseract 3.04.00' />
  <meta name='ocr-capabilities' content='ocr_page ocr_carea ocr_par ocr_line ocrx_word'/>
</head>
<body>
  <div class='ocr_page' id='page_1' title='image "arcanacaelestiaq03sweduoft_0242.png"; bbox 0 0 2872 3730; ppageno 0'>
   <div class='ocr_carea' id='block_1_1' title="bbox 553 130 2101 275">
    <p class='ocr_par' dir='ltr' id='par_1_1' title="bbox 553 130 2154 275">
     <span class='ocr_line' id='line_1_1' title="bbox 553 130 2101 275; baseline 0.003 -19"><span class='ocrx_word' id='word_1_1' title='bbox 553 194 688 275; x_wconf 69' lang='lat'><strong>&#39;2338</strong></span> <span class='ocrx_word' id='word_1_2' title='bbox 1070 130 1884 261; x_wconf 58' lang='lat' dir='ltr'>uait-ast</span> <span class='ocrx_word' id='word_1_3' title='bbox 1969 192 2101 260; x_wconf 77' lang='lat' dir='ltr'>s.</span> 
     </span>
    </p>
   </div>
   <div class='ocr_carea' id='block_1_2' title="bbox 539 312 2561 2105">
    <p class='ocr_par' dir='ltr' id='par_1_2' title="bbox 549 312 2561 705">
     <span class='ocr_line' id='line_1_2' title="bbox 549 312 2561 396; baseline 0.003 -33.031"><span class='ocrx_word' id='word_1_4' title='bbox 549 315 640 372; x_wconf 76' lang='lat' dir='ltr'>est,</span> <span class='ocrx_word' id='word_1_5' title='bbox 677 317 901 365; x_wconf 78' lang='lat' dir='ltr'>Divinum</span> <span class='ocrx_word' id='word_1_6' title='bbox 924 312 1141 365; x_wconf 73' lang='lat' dir='ltr'><strong>Naturale</strong></span> <span class='ocrx_word' id='word_1_7' title='bbox 1166 330 1318 365; x_wconf 83' lang='lat' dir='ltr'>ortum</span> <span class='ocrx_word' id='word_1_8' title='bbox 1343 317 1407 365; x_wconf 82' lang='lat' dir='ltr'>est</span> <span class='ocrx_word' id='word_1_9' title='bbox 1440 333 1466 366; x_wconf 87' lang='lat' dir='ltr'>a</span> <span class='ocrx_word' id='word_1_10' title='bbox 1487 316 1663 367; x_wconf 88' lang='lat' dir='ltr'>Divino</span> <span class='ocrx_word' id='word_1_11' title='bbox 1686 320 1816 367; x_wconf 75' lang='lat' dir='ltr'>Bono</span> <span class='ocrx_word' id='word_1_12' title='bbox 1836 317 2104 374; x_wconf 74' lang='lat' dir='ltr'>Rationalis,</span> <span class='ocrx_word' id='word_1_13' title='bbox 2139 330 2192 366; x_wconf 85' lang='lat' dir='ltr'>ut</span> <span class='ocrx_word' id='word_1_14' title='bbox 2222 328 2249 366; x_wconf 84' lang='lat' dir='ltr'>a</span> <span class='ocrx_word' id='word_1_15' title='bbox 2259 330 2412 396; x_wconf 78' lang='lat' dir='ltr'>patre,</span> <span class='ocrx_word' id='word_1_16' title='bbox 2445 319 2495 370; x_wconf 59' lang='lat' dir='ltr'>aa</span> <span class='ocrx_word' id='word_1_17' title='bbox 2526 336 2561 369; x_wconf 80' lang='lat' dir='ltr'>a.</span> 
     </span>
     <span class='ocr_line' id='line_1_3' title="bbox 563 383 2548 449; baseline 0.003 -20"><span class='ocrx_word' id='word_1_18' title='bbox 563 383 739 430; x_wconf 88' lang='lat' dir='ltr'>Divino</span> <span class='ocrx_word' id='word_1_19' title='bbox 763 383 883 432; x_wconf 91' lang='lat' dir='ltr'>Vero</span> <span class='ocrx_word' id='word_1_20' title='bbox 906 385 1153 432; x_wconf 84' lang='lat' dir='ltr'>Rationalis</span> <span class='ocrx_word' id='word_1_21' title='bbox 1177 397 1229 431; x_wconf 90' lang='lat' dir='ltr'>ut</span> <span class='ocrx_word' id='word_1_22' title='bbox 1263 401 1287 430; x_wconf 92' lang='lat' dir='ltr'>a</span> <span class='ocrx_word' id='word_1_23' title='bbox 1311 398 1484 434; x_wconf 89' lang='lat' dir='ltr'>matre:</span> <span class='ocrx_word' id='word_1_24' title='bbox 1529 386 1656 449; x_wconf 89' lang='lat' dir='ltr'>quod</span> <span class='ocrx_word' id='word_1_25' title='bbox 1695 387 1754 433; x_wconf 87' lang='lat' dir='ltr'>ita</span> <span class='ocrx_word' id='word_1_26' title='bbox 1793 386 1862 441; x_wconf 88' lang='lat' dir='ltr'>fit,</span> <span class='ocrx_word' id='word_1_27' title='bbox 1898 386 1979 432; x_wconf 86' lang='lat' dir='ltr'>vix</span> <span class='ocrx_word' id='word_1_28' title='bbox 2011 385 2170 447; x_wconf 82' lang='lat' dir='ltr'>aliquis</span> <span class='ocrx_word' id='word_1_29' title='bbox 2193 388 2355 442; x_wconf 82' lang='lat' dir='ltr'>novit,</span> <span class='ocrx_word' id='word_1_30' title='bbox 2371 388 2429 436; x_wconf 65' lang='grc' dir='ltr'>ὅτ</span> <span class='ocrx_word' id='word_1_31' title='bbox 2451 386 2548 435; x_wconf 86' lang='lat' dir='ltr'>hoc</span> 
     </span>
     <span class='ocr_line' id='line_1_4' title="bbox 553 447 2549 515; baseline 0.002 -20"><span class='ocrx_word' id='word_1_32' title='bbox 553 447 620 495; x_wconf 83' lang='lat' dir='ltr'>&#39;eo</span> <span class='ocrx_word' id='word_1_33' title='bbox 663 451 830 506; x_wconf 78' lang='lat' dir='ltr'>minus,</span> <span class='ocrx_word' id='word_1_34' title='bbox 871 452 975 514; x_wconf 81' lang='lat' dir='ltr'>quia</span> <span class='ocrx_word' id='word_1_35' title='bbox 1015 454 1143 514; x_wconf 86' lang='lat' dir='ltr'>pauci</span> <span class='ocrx_word' id='word_1_36' title='bbox 1174 451 1336 507; x_wconf 91' lang='lat' dir='ltr'>sciunt,</span> <span class='ocrx_word' id='word_1_37' title='bbox 1372 451 1497 515; x_wconf 91' lang='lat' dir='ltr'>quod</span> <span class='ocrx_word' id='word_1_38' title='bbox 1522 452 1760 499; x_wconf 82' lang='lat' dir='ltr'><strong>Rationale</strong></span> <span class='ocrx_word' id='word_1_39' title='bbox 1783 452 2062 498; x_wconf 69' lang='lat' dir='ltr'>distinctum</span> <span class='ocrx_word' id='word_1_40' title='bbox 2077 451 2130 498; x_wconf 84' lang='lat' dir='ltr'>fit</span> <span class='ocrx_word' id='word_1_41' title='bbox 2153 468 2178 498; x_wconf 87' lang='lat' dir='ltr'>a</span> <span class='ocrx_word' id='word_1_42' title='bbox 2197 451 2429 507; x_wconf 78' lang='lat' dir='ltr'>Naturali,</span> <span class='ocrx_word' id='word_1_43' title='bbox 2467 469 2549 500; x_wconf 87' lang='lat' dir='ltr'>nec</span> 
     </span>
     <span class='ocr_line' id='line_1_5' title="bbox 567 515 2550 580; baseline 0.003 -19"><span class='ocrx_word' id='word_1_44' title='bbox 567 516 640 562; x_wconf 81' lang='lat' dir='ltr'>alii</span> <span class='ocrx_word' id='word_1_45' title='bbox 677 515 816 563; x_wconf 87' lang='lat' dir='ltr'>sciunt</span> <span class='ocrx_word' id='word_1_46' title='bbox 850 517 953 573; x_wconf 86' lang='lat' dir='ltr'>hoc,</span> <span class='ocrx_word' id='word_1_47' title='bbox 991 533 1128 580; x_wconf 87' lang='lat' dir='ltr'>quarn</span> <span class='ocrx_word' id='word_1_48' title='bbox 1163 518 1241 580; x_wconf 89' lang='lat' dir='ltr'>qui</span> <span class='ocrx_word' id='word_1_49' title='bbox 1280 530 1386 565; x_wconf 85' lang='lat' dir='ltr'>vere</span> <span class='ocrx_word' id='word_1_50' title='bbox 1418 519 1648 565; x_wconf 83' lang='lat' dir='ltr'>rationales</span> <span class='ocrx_word' id='word_1_51' title='bbox 1672 517 1787 574; x_wconf 88' lang='lat' dir='ltr'>sunt,</span> <span class='ocrx_word' id='word_1_52' title='bbox 1819 533 1905 565; x_wconf 82' lang='grc'><strong>1100</strong></span> <span class='ocrx_word' id='word_1_53' title='bbox 1937 534 2040 564; x_wconf 86' lang='lat' dir='ltr'>vere</span> <span class='ocrx_word' id='word_1_54' title='bbox 2081 518 2312 565; x_wconf 79' lang='lat' dir='ltr'>rationales</span> <span class='ocrx_word' id='word_1_55' title='bbox 2347 518 2446 566; x_wconf 88' lang='lat' dir='ltr'>sunt</span> <span class='ocrx_word' id='word_1_56' title='bbox 2477 519 2550 567; x_wconf 83' lang='lat' dir='ltr'>alii</span> 
     </span>
     <span class='ocr_line' id='line_1_6' title="bbox 565 582 2550 648; baseline 0.003 -20"><span class='ocrx_word' id='word_1_57' title='bbox 565 593 707 645; x_wconf 87' lang='lat' dir='ltr'>quarn</span> <span class='ocrx_word' id='word_1_58' title='bbox 732 584 812 646; x_wconf 85' lang='lat' dir='ltr'>qui</span> <span class='ocrx_word' id='word_1_59' title='bbox 849 585 1092 646; x_wconf 85' lang='lat' dir='ltr'>regenerati</span> <span class='ocrx_word' id='word_1_60' title='bbox 1133 582 1233 630; x_wconf 91' lang='lat' dir='ltr'>sunt</span> <span class='ocrx_word' id='word_1_61' title='bbox 1268 597 1293 630; x_wconf 89' lang='lat' dir='ltr'>a</span> <span class='ocrx_word' id='word_1_62' title='bbox 1321 584 1557 639; x_wconf 90' lang='lat' dir='ltr'>Domino·,</span> <span class='ocrx_word' id='word_1_63' title='bbox 1599 588 1678 648; x_wconf 91' lang='lat' dir='ltr'>qui</span> <span class='ocrx_word' id='word_1_64' title='bbox 1703 601 1794 632; x_wconf 91' lang='lat' dir='ltr'>non</span> <span class='ocrx_word' id='word_1_65' title='bbox 1819 586 2061 648; x_wconf 78' lang='lat' dir='ltr'>regenerati</span> <span class='ocrx_word' id='word_1_66' title='bbox 2085 584 2203 641; x_wconf 92' lang='lat' dir='ltr'>sunt,</span> <span class='ocrx_word' id='word_1_67' title='bbox 2239 601 2332 631; x_wconf 90' lang='lat' dir='ltr'>non</span> <span class='ocrx_word' id='word_1_68' title='bbox 2366 586 2550 648; x_wconf 86' lang='lat' dir='ltr'>capiunt</span> 
     </span>
     <span class='ocr_line' id='line_1_7' title="bbox 566 647 1693 705; baseline 0.003 -11"><span class='ocrx_word' id='word_1_69' title='bbox 566 647 671 705; x_wconf 86' lang='lat' dir='ltr'>hoc,</span> <span class='ocrx_word' id='word_1_70' title='bbox 707 658 810 696; x_wconf 88' lang='lat' dir='ltr'>narn</span> <span class='ocrx_word' id='word_1_71' title='bbox 839 649 922 696; x_wconf 87' lang='lat' dir='ltr'>illis</span> <span class='ocrx_word' id='word_1_72' title='bbox 946 649 1155 696; x_wconf 80' lang='lat' dir='ltr'>rationale</span> <span class='ocrx_word' id='word_1_73' title='bbox 1178 648 1242 695; x_wconf 89' lang='lat' dir='ltr'>est</span> <span class='ocrx_word' id='word_1_74' title='bbox 1263 649 1385 695; x_wconf 88' lang='lat' dir='ltr'>idem</span> <span class='ocrx_word' id='word_1_75' title='bbox 1408 666 1459 697; x_wconf 88' lang='lat' dir='ltr'>ac</span> <span class='ocrx_word' id='word_1_76' title='bbox 1483 651 1693 698; x_wconf 88' lang='lat' dir='ltr'>naturale.</span> 
     </span>
    </p>

    <p class='ocr_par' dir='ltr' id='par_1_3' title="bbox 546 714 2552 1440">
     <span class='ocr_line' id='line_1_8' title="bbox 637 714 2551 781; baseline 0.002 -18"><span class='ocrx_word' id='word_1_77' title='bbox 637 719 778 779; x_wconf 82' lang='lat'><strong>3289.</strong></span> <span class='ocrx_word' id='word_1_78' title='bbox 815 715 879 763; x_wconf 90' lang='lat' dir='ltr'>Et</span> <span class='ocrx_word' id='word_1_79' title='bbox 900 714 1175 762; x_wconf 79' lang='lat' dir='ltr'>collidebant</span> <span class='ocrx_word' id='word_1_80' title='bbox 1210 714 1252 761; x_wconf 88' lang='lat' dir='ltr'>se</span> <span class='ocrx_word' id='word_1_81' title='bbox 1285 715 1408 761; x_wconf 89' lang='lat' dir='ltr'>filii</span> <span class='ocrx_word' id='word_1_82' title='bbox 1397 732 1444 770; x_wconf 83' lang='lat' dir='ltr'>m</span> <span class='ocrx_word' id='word_1_83' title='bbox 1468 717 1620 762; x_wconf 90' lang='lat' dir='ltr'>medio</span> <span class='ocrx_word' id='word_1_84' title='bbox 1652 716 1789 774; x_wconf 89' lang='lat' dir='ltr'>illiu&#39;s,</span> <span class='ocrx_word' id='word_1_85' title='bbox 1824 717 1949 781; x_wconf 91' lang='lat' dir='ltr'>quod</span> <span class='ocrx_word' id='word_1_86' title='bbox 1974 716 2194 780; x_wconf 79' lang='lat' dir='ltr'>significet</span> <span class='ocrx_word' id='word_1_87' title='bbox 2230 733 2452 781; x_wconf 85' lang='lat' dir='ltr'>pugnam,</span> <span class='ocrx_word' id='word_1_88' title='bbox 2491 719 2551 767; x_wconf 88' lang='lat' dir='ltr'>de</span> 
     </span>
     <span class='ocr_line' id='line_1_9' title="bbox 551 734 2552 847; baseline 0.002 -20"><span class='ocrx_word' id='word_1_89' title='bbox 551 788 670 843; x_wconf 76' lang='lat' dir='ltr'>²qua,</span> <span class='ocrx_word' id='word_1_90' title='bbox 706 734 877 829; x_wconf 81' lang='lat' dir='ltr'>constat</span> <span class='ocrx_word' id='word_1_91' title='bbox 915 798 940 828; x_wconf 92' lang='lat' dir='ltr'>a</span> <span class='ocrx_word' id='word_1_92' title='bbox 972 781 1297 843; x_wconf 74' lang='lat' dir='ltr'>significatione</span> <span class='ocrx_word' id='word_1_93' title='bbox 1319 780 1546 838; x_wconf 87' lang='lat' dir='ltr'>collidere,</span> <span class='ocrx_word' id='word_1_94' title='bbox 1588 783 1714 842; x_wconf 92' lang='lat' dir='ltr'>quod</span> <span class='ocrx_word' id='word_1_95' title='bbox 1738 783 1803 830; x_wconf 86' lang='lat' dir='ltr'>fit</span> <span class='ocrx_word' id='word_1_96' title='bbox 1835 799 2066 847; x_wconf 86' lang='lat' dir='ltr'>pugnare3</span> <span class='ocrx_word' id='word_1_97' title='bbox 2108 784 2157 830; x_wconf 85' lang='lat'>&amp;</span> <span class='ocrx_word' id='word_1_98' title='bbox 2181 799 2205 829; x_wconf 90' lang='lat' dir='ltr'>a</span> <span class='ocrx_word' id='word_1_99' title='bbox 2226 784 2552 846; x_wconf 77' lang='lat' dir='ltr'>significatione</span> 
     </span>
     <span class='ocr_line' id='line_1_10' title="bbox 568 846 2550 923; baseline 0.003 -31"><span class='ocrx_word' id='word_1_100' title='bbox 568 847 769 894; x_wconf 89' lang='lat' dir='ltr'>filiorum</span> <span class='ocrx_word' id='word_1_101' title='bbox 803 847 894 906; x_wconf 85' lang='lat' dir='ltr'>hic,</span> <span class='ocrx_word' id='word_1_102' title='bbox 927 847 1056 923; x_wconf 82' lang='lat' dir='ltr'>quod</span> <span class='ocrx_word' id='word_1_103' title='bbox 1084 846 1137 893; x_wconf 89' lang='lat' dir='ltr'>fit</span> <span class='ocrx_word' id='word_1_104' title='bbox 1157 847 1376 894; x_wconf 73' lang='lat' dir='ltr'>Naturale</span> <span class='ocrx_word' id='word_1_105' title='bbox 1409 848 1560 911; x_wconf 93' lang='lat' dir='ltr'>quoad</span> <span class='ocrx_word' id='word_1_106' title='bbox 1585 848 1758 900; x_wconf 89' lang='lat' dir='ltr'>bonum</span> <span class='ocrx_word' id='word_1_107' title='bbox 1793 850 1840 895; x_wconf 86' lang='lat'>&amp;</span> <span class='ocrx_word' id='word_1_108' title='bbox 1862 849 2013 912; x_wconf 89' lang='lat' dir='ltr'>quoad</span> <span class='ocrx_word' id='word_1_109' title='bbox 2035 865 2232 904; x_wconf 88' lang='lat' dir='ltr'>verum3</span> <span class='ocrx_word' id='word_1_110' title='bbox 2284 866 2388 897; x_wconf 88' lang='lat' dir='ltr'>nam</span> <span class='ocrx_word' id='word_1_111' title='bbox 2421 853 2550 913; x_wconf 91' lang='lat' dir='ltr'>quod</span> 
     </span>
     <span class='ocr_line' id='line_1_11' title="bbox 564 912 2549 976; baseline 0.003 -17"><span class='ocrx_word' id='word_1_112' title='bbox 564 912 698 959; x_wconf 86' lang='lat' dir='ltr'>Esau</span> <span class='ocrx_word' id='word_1_113' title='bbox 710 917 757 961; x_wconf 88' lang='lat'>&amp;</span> <span class='ocrx_word' id='word_1_114' title='bbox 781 913 941 973; x_wconf 87' lang='lat' dir='ltr'>Jacob,</span> <span class='ocrx_word' id='word_1_115' title='bbox 976 915 1056 976; x_wconf 89' lang='lat' dir='ltr'>qui</span> <span class='ocrx_word' id='word_1_116' title='bbox 1080 913 1178 969; x_wconf 86' lang='lat' dir='ltr'>filii,</span> <span class='ocrx_word' id='word_1_117' title='bbox 1214 912 1527 976; x_wconf 79' lang='lat' dir='ltr'>repraesentent</span> <span class='ocrx_word' id='word_1_118' title='bbox 1549 915 1774 962; x_wconf 87' lang='lat' dir='ltr'>Divinum</span> <span class='ocrx_word' id='word_1_119' title='bbox 1799 915 2012 962; x_wconf 83' lang='lat' dir='ltr'>Naturale</span> <span class='ocrx_word' id='word_1_120' title='bbox 2033 915 2247 971; x_wconf 85' lang='lat' dir='ltr'>Domini,</span> <span class='ocrx_word' id='word_1_121' title='bbox 2284 915 2400 963; x_wconf 90' lang='lat' dir='ltr'>Esau</span> <span class='ocrx_word' id='word_1_122' title='bbox 2435 917 2549 964; x_wconf 91' lang='lat' dir='ltr'>illud</span> 
     </span>
     <span class='ocr_line' id='line_1_12' title="bbox 559 979 2549 1055; baseline 0.003 -30"><span class='ocrx_word' id='word_1_123' title='bbox 559 980 715 1041; x_wconf 89' lang='lat' dir='ltr'>quoad</span> <span class='ocrx_word' id='word_1_124' title='bbox 738 979 928 1035; x_wconf 82' lang='lat' dir='ltr'>bonurn,</span> <span class='ocrx_word' id='word_1_125' title='bbox 964 979 1110 1055; x_wconf 87' lang='lat' dir='ltr'>Jacob</span> <span class='ocrx_word' id='word_1_126' title='bbox 1132 979 1290 1055; x_wconf 87' lang='lat' dir='ltr'>quoad</span> <span class='ocrx_word' id='word_1_127' title='bbox 1306 995 1501 1036; x_wconf 88' lang='lat' dir='ltr'>verum,</span> <span class='ocrx_word' id='word_1_128' title='bbox 1521 997 1577 1028; x_wconf 87' lang='lat' dir='ltr'>ex</span> <span class='ocrx_word' id='word_1_129' title='bbox 1608 980 1889 1044; x_wconf 87' lang='lat' dir='ltr'>sequentibus</span> <span class='ocrx_word' id='word_1_130' title='bbox 1919 979 2148 1029; x_wconf 88' lang='lat' dir='ltr'>constabit.</span> <span class='ocrx_word' id='word_1_131' title='bbox 2215 982 2290 1028; x_wconf 86' lang='lat' dir='ltr'>De</span> <span class='ocrx_word' id='word_1_132' title='bbox 2324 982 2549 1030; x_wconf 77' lang='lat' dir='ltr'>collisione</span> 
     </span>
     <span class='ocr_line' id='line_1_13' title="bbox 561 1043 2546 1120; baseline 0.003 -30"><span class='ocrx_word' id='word_1_133' title='bbox 561 1043 644 1090; x_wconf 91' lang='lat' dir='ltr'>hac</span> <span class='ocrx_word' id='word_1_134' title='bbox 667 1043 738 1091; x_wconf 89' lang='lat' dir='ltr'>seu</span> <span class='ocrx_word' id='word_1_135' title='bbox 763 1061 917 1120; x_wconf 76' lang='lat' dir='ltr'>pugna</span> <span class='ocrx_word' id='word_1_136' title='bbox 941 1047 1091 1107; x_wconf 86' lang='lat' dir='ltr'>agitur</span> <span class='ocrx_word' id='word_1_137' title='bbox 1113 1047 1247 1092; x_wconf 89' lang='lat' dir='ltr'>etiam</span> <span class='ocrx_word' id='word_1_138' title='bbox 1280 1046 1326 1091; x_wconf 92' lang='lat' dir='ltr'>in</span> <span class='ocrx_word' id='word_1_139' title='bbox 1361 1046 1447 1093; x_wconf 91' lang='lat' dir='ltr'>hoc</span> <span class='ocrx_word' id='word_1_140' title='bbox 1471 1047 1649 1109; x_wconf 87' lang='lat' dir='ltr'>Capite,</span> <span class='ocrx_word' id='word_1_141' title='bbox 1691 1048 1740 1094; x_wconf 72' lang='lat' dir='ltr'>Sc</span> <span class='ocrx_word' id='word_1_142' title='bbox 1761 1047 1826 1095; x_wconf 92' lang='lat' dir='ltr'>est</span> <span class='ocrx_word' id='word_1_143' title='bbox 1858 1048 1932 1094; x_wconf 91' lang='lat' dir='ltr'>illa</span> <span class='ocrx_word' id='word_1_144' title='bbox 1954 1048 2010 1094; x_wconf 91' lang='lat' dir='ltr'>de</span> <span class='ocrx_word' id='word_1_145' title='bbox 2035 1047 2280 1110; x_wconf 73' lang='lat' dir='ltr'>prioritate,</span> <span class='ocrx_word' id='word_1_146' title='bbox 2316 1064 2428 1096; x_wconf 89' lang='lat' dir='ltr'>num</span> <span class='ocrx_word' id='word_1_147' title='bbox 2464 1050 2546 1096; x_wconf 93' lang='lat' dir='ltr'>bo-</span> 
     </span>
     <span class='ocr_line' id='line_1_14' title="bbox 546 1110 2549 1176; baseline 0.003 -19"><span class='ocrx_word' id='word_1_148' title='bbox 546 1119 675 1157; x_wconf 74' lang='lat' dir='ltr'>‘num</span> <span class='ocrx_word' id='word_1_149' title='bbox 712 1111 764 1157; x_wconf 89' lang='lat' dir='ltr'>fit</span> <span class='ocrx_word' id='word_1_150' title='bbox 786 1113 908 1173; x_wconf 84' lang='lat' dir='ltr'>prius</span> <span class='ocrx_word' id='word_1_151' title='bbox 933 1111 1002 1156; x_wconf 78' lang='lat' dir='ltr'>vel</span> <span class='ocrx_word' id='word_1_152' title='bbox 1018 1126 1138 1157; x_wconf 90' lang='lat' dir='ltr'>num</span> <span class='ocrx_word' id='word_1_153' title='bbox 1163 1125 1341 1166; x_wconf 89' lang='lat' dir='ltr'>verum,</span> <span class='ocrx_word' id='word_1_154' title='bbox 1383 1110 1456 1157; x_wconf 90' lang='lat' dir='ltr'>seu</span> <span class='ocrx_word' id='word_1_155' title='bbox 1493 1112 1620 1173; x_wconf 90' lang='lat' dir='ltr'>quod</span> <span class='ocrx_word' id='word_1_156' title='bbox 1654 1113 1794 1168; x_wconf 90' lang='lat' dir='ltr'>idern,</span> <span class='ocrx_word' id='word_1_157' title='bbox 1833 1129 1948 1160; x_wconf 89' lang='lat' dir='ltr'>num</span> <span class='ocrx_word' id='word_1_158' title='bbox 1987 1113 2174 1161; x_wconf 88' lang='lat' dir='ltr'>charitas</span> <span class='ocrx_word' id='word_1_159' title='bbox 2207 1129 2314 1176; x_wconf 85' lang='lat' dir='ltr'>quae</span> <span class='ocrx_word' id='word_1_160' title='bbox 2353 1114 2461 1161; x_wconf 88' lang='lat' dir='ltr'>boni</span> <span class='ocrx_word' id='word_1_161' title='bbox 2494 1115 2549 1162; x_wconf 86' lang='lat' dir='ltr'>fit</span> 
     </span>
     <span class='ocr_line' id='line_1_15' title="bbox 549 1176 2546 1254; baseline 0.002 -31"><span class='ocrx_word' id='word_1_162' title='bbox 549 1178 684 1254; x_wconf 62' lang='lat' dir='ltr'>‘prior</span> <span class='ocrx_word' id='word_1_163' title='bbox 705 1177 780 1223; x_wconf 85' lang='lat' dir='ltr'>vel</span> <span class='ocrx_word' id='word_1_164' title='bbox 805 1192 917 1223; x_wconf 91' lang='lat' dir='ltr'>num</span> <span class='ocrx_word' id='word_1_165' title='bbox 942 1176 1054 1222; x_wconf 88' lang='lat' dir='ltr'>fides</span> <span class='ocrx_word' id='word_1_166' title='bbox 1079 1192 1184 1239; x_wconf 57' lang='lat' dir='ltr'>quae</span> <span class='ocrx_word' id='word_1_167' title='bbox 1208 1176 1334 1231; x_wconf 86' lang='lat' dir='ltr'>veri3</span> <span class='ocrx_word' id='word_1_168' title='bbox 1377 1177 1422 1222; x_wconf 92' lang='lat' dir='ltr'>in</span> <span class='ocrx_word' id='word_1_169' title='bbox 1446 1177 1647 1223; x_wconf 76' lang='lat' dir='ltr'>Ecclesia</span> <span class='ocrx_word' id='word_1_170' title='bbox 1668 1178 1896 1253; x_wconf 87' lang='lat' dir='ltr'>Spirituali</span> <span class='ocrx_word' id='word_1_171' title='bbox 1930 1193 1955 1223; x_wconf 90' lang='lat' dir='ltr'>a</span> <span class='ocrx_word' id='word_1_172' title='bbox 1979 1180 2137 1241; x_wconf 87' lang='lat' dir='ltr'>primis</span> <span class='ocrx_word' id='word_1_173' title='bbox 2169 1179 2451 1240; x_wconf 83' lang='lat' dir='ltr'>temporibus</span> <span class='ocrx_word' id='word_1_174' title='bbox 2489 1181 2546 1228; x_wconf 92' lang='lat' dir='ltr'>de</span> 
     </span>
     <span class='ocr_line' id='line_1_16' title="bbox 555 1241 2542 1315; baseline 0.001 -25"><span class='ocrx_word' id='word_1_175' title='bbox 555 1259 614 1289; x_wconf 90' lang='grc'>00</span> <span class='ocrx_word' id='word_1_176' title='bbox 639 1244 753 1290; x_wconf 85' lang='lat' dir='ltr'>inter</span> <span class='ocrx_word' id='word_1_177' title='bbox 776 1242 923 1306; x_wconf 86' lang='lat' dir='ltr'>plures</span> <span class='ocrx_word' id='word_1_178' title='bbox 946 1249 1203 1306; x_wconf 84' lang='lat' dir='ltr'>pugnatum</span> <span class='ocrx_word' id='word_1_179' title='bbox 1224 1241 1320 1297; x_wconf 75' lang='lat' dir='ltr'>est,</span> <span class='ocrx_word' id='word_1_180' title='bbox 1363 1242 1413 1289; x_wconf 70' lang='grc' dir='ltr'>δε</span> <span class='ocrx_word' id='word_1_181' title='bbox 1435 1243 1540 1304; x_wconf 87' lang='lat' dir='ltr'>quia</span> <span class='ocrx_word' id='word_1_182' title='bbox 1561 1242 1618 1289; x_wconf 91' lang='lat' dir='ltr'>de</span> <span class='ocrx_word' id='word_1_183' title='bbox 1643 1244 1869 1315; x_wconf 80' lang='lat' dir='ltr'>prioritate</span> <span class='ocrx_word' id='word_1_184' title='bbox 1893 1243 1968 1290; x_wconf 88' lang='lat' dir='ltr'>illa</span> <span class='ocrx_word' id='word_1_185' title='bbox 2001 1245 2048 1289; x_wconf 91' lang='lat' dir='ltr'>in</span> <span class='ocrx_word' id='word_1_186' title='bbox 2070 1243 2354 1306; x_wconf 88' lang='lat' dir='ltr'>sequentibus</span> <span class='ocrx_word' id='word_1_187' title='bbox 2373 1246 2542 1307; x_wconf 73' lang='lat' dir='ltr'>agitur,</span> 
     </span>
     <span class='ocr_line' id='line_1_17' title="bbox 558 1307 2547 1373; baseline 0.002 -17"><span class='ocrx_word' id='word_1_188' title='bbox 558 1310 661 1356; x_wconf 87' lang='lat' dir='ltr'>ideo</span> <span class='ocrx_word' id='word_1_189' title='bbox 693 1310 874 1365; x_wconf 91' lang='lat' dir='ltr'>dicitur,</span> <span class='ocrx_word' id='word_1_190' title='bbox 910 1310 1037 1372; x_wconf 89' lang='lat' dir='ltr'>quod</span> <span class='ocrx_word' id='word_1_191' title='bbox 1062 1307 1332 1356; x_wconf 83' lang='lat' dir='ltr'>collidebant</span> <span class='ocrx_word' id='word_1_192' title='bbox 1371 1308 1413 1354; x_wconf 90' lang='lat' dir='ltr'>se</span> <span class='ocrx_word' id='word_1_193' title='bbox 1450 1308 1532 1355; x_wconf 90' lang='lat' dir='ltr'>filii</span> <span class='ocrx_word' id='word_1_194' title='bbox 1565 1310 1611 1355; x_wconf 93' lang='lat' dir='ltr'>in</span> <span class='ocrx_word' id='word_1_195' title='bbox 1637 1309 1789 1357; x_wconf 84' lang='lat' dir='ltr'>medio</span> <span class='ocrx_word' id='word_1_196' title='bbox 1822 1325 1935 1373; x_wconf 70' lang='lat' dir='ltr'>ejus,</span> <span class='ocrx_word' id='word_1_197' title='bbox 1970 1310 2017 1356; x_wconf 87' lang='lat'>&amp;</span> <span class='ocrx_word' id='word_1_198' title='bbox 2053 1325 2136 1373; x_wconf 90' lang='lat' dir='ltr'>per</span> <span class='ocrx_word' id='word_1_199' title='bbox 2173 1308 2249 1356; x_wconf 88' lang='lat' dir='ltr'>illa</span> <span class='ocrx_word' id='word_1_200' title='bbox 2271 1308 2547 1372; x_wconf 81' lang='lat' dir='ltr'>significatur</span> 
     </span>
     <span class='ocr_line' id='line_1_18' title="bbox 547 1375 935 1440; baseline -0.003 -18"><span class='ocrx_word' id='word_1_201' title='bbox 547 1382 728 1440; x_wconf 59' lang='lat' dir='ltr'>“piigna,</span> <span class='ocrx_word' id='word_1_202' title='bbox 766 1375 817 1423; x_wconf 87' lang='lat' dir='ltr'>de</span> <span class='ocrx_word' id='word_1_203' title='bbox 838 1388 935 1439; x_wconf 75' lang='lat' dir='ltr'>qua.</span> 
     </span>
    </p>

    <p class='ocr_par' dir='ltr' id='par_1_4' title="bbox 547 1439 2543 1834">
     <span class='ocr_line' id='line_1_19' title="bbox 625 1439 2542 1506; baseline 0.001 -16"><span class='ocrx_word' id='word_1_204' title='bbox 625 1458 765 1506; x_wconf 79' lang='lat'><strong>3290.</strong></span> <span class='ocrx_word' id='word_1_205' title='bbox 802 1442 866 1488; x_wconf 90' lang='lat' dir='ltr'>Et</span> <span class='ocrx_word' id='word_1_206' title='bbox 890 1441 1021 1496; x_wconf 87' lang='lat' dir='ltr'>dixit,</span> <span class='ocrx_word' id='word_1_207' title='bbox 1058 1440 1125 1487; x_wconf 85' lang='lat' dir='ltr'><strong>fi</strong></span> <span class='ocrx_word' id='word_1_208' title='bbox 1114 1453 1190 1497; x_wconf 85' lang='grc'><strong>112,</strong></span> <span class='ocrx_word' id='word_1_209' title='bbox 1226 1440 1280 1488; x_wconf 92' lang='lat' dir='ltr'>ad</span> <span class='ocrx_word' id='word_1_210' title='bbox 1305 1440 1418 1504; x_wconf 88' lang='lat' dir='ltr'>quid</span> <span class='ocrx_word' id='word_1_211' title='bbox 1440 1441 1543 1497; x_wconf 91' lang='lat' dir='ltr'>hoc,</span> <span class='ocrx_word' id='word_1_212' title='bbox 1579 1456 1684 1505; x_wconf 85' lang='lat' dir='ltr'>ego,</span> <span class='ocrx_word' id='word_1_213' title='bbox 1719 1441 1846 1505; x_wconf 90' lang='lat' dir='ltr'>quod</span> <span class='ocrx_word' id='word_1_214' title='bbox 1880 1439 2100 1505; x_wconf 73' lang='lat' dir='ltr'>significet</span> <span class='ocrx_word' id='word_1_215' title='bbox 2114 1442 2392 1505; x_wconf 82' lang='lat' dir='ltr'>angustiam,</span> <span class='ocrx_word' id='word_1_216' title='bbox 2433 1454 2542 1491; x_wconf 88' lang='lat' dir='ltr'>con-</span> 
     </span>
     <span class='ocr_line' id='line_1_20' title="bbox 552 1506 2543 1572; baseline 0.001 -17"><span class='ocrx_word' id='word_1_217' title='bbox 552 1508 661 1555; x_wconf 88' lang='lat' dir='ltr'>stare</span> <span class='ocrx_word' id='word_1_218' title='bbox 685 1507 829 1571; x_wconf 89' lang='lat' dir='ltr'>potest</span> <span class='ocrx_word' id='word_1_219' title='bbox 861 1523 916 1554; x_wconf 87' lang='lat' dir='ltr'>ex</span> <span class='ocrx_word' id='word_1_220' title='bbox 938 1506 1059 1554; x_wconf 86' lang='lat' dir='ltr'>sensu</span> <span class='ocrx_word' id='word_1_221' title='bbox 1085 1507 1249 1554; x_wconf 90' lang='lat' dir='ltr'>horum</span> <span class='ocrx_word' id='word_1_222' title='bbox 1274 1508 1535 1563; x_wconf 88' lang='lat' dir='ltr'>verborum,</span> <span class='ocrx_word' id='word_1_223' title='bbox 1560 1510 1684 1570; x_wconf 89' lang='lat' dir='ltr'>quod</span> <span class='ocrx_word' id='word_1_224' title='bbox 1705 1509 1790 1555; x_wconf 88' lang='lat' dir='ltr'>fint</span> <span class='ocrx_word' id='word_1_225' title='bbox 1812 1508 2046 1571; x_wconf 79' lang='lat' dir='ltr'>angustiae,</span> <span class='ocrx_word' id='word_1_226' title='bbox 2073 1509 2123 1555; x_wconf 87' lang='lat'>&amp;</span> <span class='ocrx_word' id='word_1_227' title='bbox 2146 1509 2333 1571; x_wconf 90' lang='lat' dir='ltr'>quidem</span> <span class='ocrx_word' id='word_1_228' title='bbox 2358 1522 2543 1572; x_wconf 87' lang='lat' dir='ltr'>propter</span> 
     </span>
     <span class='ocr_line' id='line_1_21' title="bbox 549 1572 2539 1651; baseline 0.001 -31"><span class='ocrx_word' id='word_1_229' title='bbox 549 1574 844 1651; x_wconf 70' lang='lat' dir='ltr'>collisionem,</span> <span class='ocrx_word' id='word_1_230' title='bbox 881 1574 965 1620; x_wconf 91' lang='lat' dir='ltr'>hoc</span> <span class='ocrx_word' id='word_1_231' title='bbox 989 1572 1068 1629; x_wconf 91' lang='lat' dir='ltr'>est,</span> <span class='ocrx_word' id='word_1_232' title='bbox 1103 1588 1309 1635; x_wconf 86' lang='lat' dir='ltr'>pugnam</span> <span class='ocrx_word' id='word_1_233' title='bbox 1343 1575 1458 1620; x_wconf 89' lang='lat' dir='ltr'>inter</span> <span class='ocrx_word' id='word_1_234' title='bbox 1482 1572 1664 1621; x_wconf 69' lang='lat' dir='ltr'>fratres:</span> <span class='ocrx_word' id='word_1_235' title='bbox 1707 1574 1739 1620; x_wconf 90' lang='lat' dir='ltr'>s1</span> <span class='ocrx_word' id='word_1_236' title='bbox 1762 1575 1838 1629; x_wconf 87' lang='lat' dir='ltr'>ita,</span> <span class='ocrx_word' id='word_1_237' title='bbox 1864 1573 2139 1636; x_wconf 74' lang='lat' dir='ltr'>significatfi</span> <span class='ocrx_word' id='word_1_238' title='bbox 2168 1575 2227 1620; x_wconf 84' lang='lat' dir='ltr'>de</span> <span class='ocrx_word' id='word_1_239' title='bbox 2245 1574 2336 1621; x_wconf 78' lang='lat' dir='ltr'>hoc</span> <span class='ocrx_word' id='word_1_240' title='bbox 2360 1591 2539 1637; x_wconf 85' lang='lat' dir='ltr'>pugna·</span> 
     </span>
     <span class='ocr_line' id='line_1_22' title="bbox 551 1638 2536 1702; baseline 0.001 -16"><span class='ocrx_word' id='word_1_241' title='bbox 551 1652 683 1695; x_wconf 84' lang='lat' dir='ltr'>rent3</span> <span class='ocrx_word' id='word_1_242' title='bbox 724 1640 780 1686; x_wconf 90' lang='lat' dir='ltr'>ad</span> <span class='ocrx_word' id='word_1_243' title='bbox 803 1639 918 1702; x_wconf 89' lang='lat' dir='ltr'>quid</span> <span class='ocrx_word' id='word_1_244' title='bbox 941 1639 1042 1694; x_wconf 92' lang='lat' dir='ltr'>hoc,</span> <span class='ocrx_word' id='word_1_245' title='bbox 1079 1638 1299 1701; x_wconf 87' lang='lat' dir='ltr'>fignificat</span> <span class='ocrx_word' id='word_1_246' title='bbox 1329 1639 1456 1701; x_wconf 93' lang='lat' dir='ltr'>quod</span> <span class='ocrx_word' id='word_1_247' title='bbox 1492 1639 1549 1684; x_wconf 91' lang='lat' dir='ltr'>de</span> <span class='ocrx_word' id='word_1_248' title='bbox 1572 1654 1624 1685; x_wconf 84' lang='lat' dir='ltr'>ea</span> <span class='ocrx_word' id='word_1_249' title='bbox 1658 1655 1704 1686; x_wconf 88' lang='lat' dir='ltr'>re</span> <span class='ocrx_word' id='word_1_250' title='bbox 1738 1654 1830 1685; x_wconf 91' lang='lat' dir='ltr'>non</span> <span class='ocrx_word' id='word_1_251' title='bbox 1857 1638 2203 1701; x_wconf 87' lang='lat' dir='ltr'>pugnandum-3</span> <span class='ocrx_word' id='word_1_252' title='bbox 2250 1655 2338 1701; x_wconf 82' lang='lat' dir='ltr'>ego</span> <span class='ocrx_word' id='word_1_253' title='bbox 2373 1640 2445 1686; x_wconf 87' lang='lat' dir='ltr'>seu</span> <span class='ocrx_word' id='word_1_254' title='bbox 2479 1642 2536 1688; x_wconf 92' lang='lat' dir='ltr'>ad</span> 
     </span>
     <span class='ocr_line' id='line_1_23' title="bbox 547 1703 2538 1781; baseline 0.001 -30"><span class='ocrx_word' id='word_1_255' title='bbox 547 1706 660 1767; x_wconf 83' lang='lat' dir='ltr'>quid</span> <span class='ocrx_word' id='word_1_256' title='bbox 685 1718 789 1781; x_wconf 81' lang='lat' dir='ltr'>ego,</span> <span class='ocrx_word' id='word_1_257' title='bbox 826 1704 1047 1768; x_wconf 84' lang='lat' dir='ltr'>fignificat</span> <span class='ocrx_word' id='word_1_258' title='bbox 1075 1703 1107 1749; x_wconf 89' lang='lat' dir='ltr'>s1</span> <span class='ocrx_word' id='word_1_259' title='bbox 1139 1716 1394 1766; x_wconf 87' lang='lat' dir='ltr'>pugnarent</span> <span class='ocrx_word' id='word_1_260' title='bbox 1429 1704 1487 1751; x_wconf 89' lang='lat' dir='ltr'>de</span> <span class='ocrx_word' id='word_1_261' title='bbox 1510 1703 1587 1750; x_wconf 90' lang='lat' dir='ltr'>illa</span> <span class='ocrx_word' id='word_1_262' title='bbox 1619 1719 1665 1779; x_wconf 84' lang='lat' dir='ltr'>re</span> <span class='ocrx_word' id='word_1_263' title='bbox 1687 1703 1816 1767; x_wconf 91' lang='lat' dir='ltr'>quod</span> <span class='ocrx_word' id='word_1_264' title='bbox 1853 1705 2079 1751; x_wconf 86' lang='lat' dir='ltr'>influxum</span> <span class='ocrx_word' id='word_1_265' title='bbox 2111 1719 2169 1751; x_wconf 86' lang='lat' dir='ltr'>ex</span> <span class='ocrx_word' id='word_1_266' title='bbox 2206 1706 2406 1752; x_wconf 89' lang='lat' dir='ltr'>rationali</span> <span class='ocrx_word' id='word_1_267' title='bbox 2431 1723 2538 1754; x_wconf 85' lang='lat' dir='ltr'>vero</span> 
     </span>
     <span class='ocr_line' id='line_1_24' title="bbox 548 1769 1305 1834; baseline -0.004 -15"><span class='ocrx_word' id='word_1_268' title='bbox 548 1785 641 1819; x_wconf 90' lang='lat' dir='ltr'>non</span> <span class='ocrx_word' id='word_1_269' title='bbox 665 1774 927 1834; x_wconf 87' lang='lat' dir='ltr'>reciperent,</span> <span class='ocrx_word' id='word_1_270' title='bbox 963 1769 1068 1817; x_wconf 89' lang='lat' dir='ltr'>inde</span> <span class='ocrx_word' id='word_1_271' title='bbox 1089 1770 1305 1833; x_wconf 85' lang='lat' dir='ltr'>angustia.</span> 
     </span>
    </p>

    <p class='ocr_par' dir='ltr' id='par_1_5' title="bbox 539 1834 2548 2098">
     <span class='ocr_line' id='line_1_25' title="bbox 615 1834 2538 1917; baseline -0.001 -30.999"><span class='ocrx_word' id='word_1_272' title='bbox 615 1848 762 1917; x_wconf 78' lang='grc'><strong>’3291</strong></span> <span class='ocrx_word' id='word_1_273' title='bbox 797 1837 861 1884; x_wconf 89' lang='lat' dir='ltr'>Et</span> <span class='ocrx_word' id='word_1_274' title='bbox 891 1837 975 1883; x_wconf 86' lang='lat' dir='ltr'>ivit</span> <span class='ocrx_word' id='word_1_275' title='bbox 1000 1835 1065 1883; x_wconf 89' lang='lat' dir='ltr'>ad</span> <span class='ocrx_word' id='word_1_276' title='bbox 1100 1834 1470 1900; x_wconf 86' lang='lat' dir='ltr'>interrogandum</span> <span class='ocrx_word' id='word_1_277' title='bbox 1494 1836 1738 1898; x_wconf 83' lang='lat' dir='ltr'>Jehovarn,</span> <span class='ocrx_word' id='word_1_278' title='bbox 1784 1836 1910 1899; x_wconf 91' lang='lat' dir='ltr'>quod</span> <span class='ocrx_word' id='word_1_279' title='bbox 1948 1835 2169 1898; x_wconf 74' lang='lat' dir='ltr'>significet</span> <span class='ocrx_word' id='word_1_280' title='bbox 2204 1835 2373 1883; x_wconf 86' lang='lat' dir='ltr'>statum</span> <span class='ocrx_word' id='word_1_281' title='bbox 2408 1854 2538 1885; x_wconf 87' lang='lat' dir='ltr'>com-</span> 
     </span>
     <span class='ocr_line' id='line_1_26' title="bbox 548 1901 2537 1978; baseline -0.001 -26"><span class='ocrx_word' id='word_1_282' title='bbox 548 1903 885 1961; x_wconf 85' lang='lat' dir='ltr'>municationis,</span> <span class='ocrx_word' id='word_1_283' title='bbox 921 1901 1093 1951; x_wconf 78' lang='lat' dir='ltr'>constat</span> <span class='ocrx_word' id='word_1_284' title='bbox 1114 1918 1171 1949; x_wconf 87' lang='lat' dir='ltr'>ex</span> <span class='ocrx_word' id='word_1_285' title='bbox 1193 1902 1550 1978; x_wconf 73' lang='lat' dir='ltr'>significatione</span> <span class='ocrx_word' id='word_1_286' title='bbox 1538 1915 1829 1964; x_wconf 78' lang='lat' dir='ltr'>interrogare,</span> <span class='ocrx_word' id='word_1_287' title='bbox 1852 1901 1978 1976; x_wconf 87' lang='lat' dir='ltr'>quod</span> <span class='ocrx_word' id='word_1_288' title='bbox 2003 1902 2056 1947; x_wconf 83' lang='lat' dir='ltr'>fit</span> <span class='ocrx_word' id='word_1_289' title='bbox 2077 1903 2404 1948; x_wconf 86' lang='lat' dir='ltr'>communicari</span> <span class='ocrx_word' id='word_1_290' title='bbox 2428 1920 2537 1951; x_wconf 88' lang='lat' dir='ltr'>cum</span> 
     </span>
     <span class='ocr_line' id='line_1_27' title="bbox 543 1967 2548 2046; baseline 0 -30"><span class='ocrx_word' id='word_1_291' title='bbox 543 1970 712 2018; x_wconf 86' lang='lat' dir='ltr'>dicitur</span> <span class='ocrx_word' id='word_1_292' title='bbox 735 1970 791 2017; x_wconf 87' lang='lat' dir='ltr'>de</span> <span class='ocrx_word' id='word_1_293' title='bbox 814 1967 1052 2024; x_wconf 89' lang='lat' dir='ltr'>Domino3</span> <span class='ocrx_word' id='word_1_294' title='bbox 1093 1969 1299 2046; x_wconf 84' lang='lat' dir='ltr'>Jehovah</span> <span class='ocrx_word' id='word_1_295' title='bbox 1320 1969 1443 2015; x_wconf 89' lang='lat' dir='ltr'>enim</span> <span class='ocrx_word' id='word_1_296' title='bbox 1467 1980 1561 2015; x_wconf 90' lang='lat' dir='ltr'>erat</span> <span class='ocrx_word' id='word_1_297' title='bbox 1593 1970 1639 2014; x_wconf 92' lang='lat' dir='ltr'>in</span> <span class='ocrx_word' id='word_1_298' title='bbox 1663 1967 1766 2030; x_wconf 90' lang='lat' dir='ltr'>Ipso</span> <span class='ocrx_word' id='word_1_299' title='bbox 1795 1968 1876 2030; x_wconf 90' lang='lat' dir='ltr'>qui</span> <span class='ocrx_word' id='word_1_300' title='bbox 1907 1967 2296 2039; x_wconf 85' lang='lat' dir='ltr'>interrogabatur,</span> <span class='ocrx_word' id='word_1_301' title='bbox 2339 1969 2383 2014; x_wconf 91' lang='lat' dir='ltr'>in</span> <span class='ocrx_word' id='word_1_302' title='bbox 2409 1969 2548 2016; x_wconf 85' lang='lat' dir='ltr'>sensu·</span> 
     </span>
     <span class='ocr_line' id='line_1_28' title="bbox 539 2033 2534 2105; baseline -0.001 -21"><span class='ocrx_word' id='word_1_303' title='bbox 539 2048 697 2084; x_wconf 80' lang='lat' dir='ltr'>tamen</span> <span class='ocrx_word' id='word_1_304' title='bbox 727 2035 953 2084; x_wconf 84' lang='lat' dir='ltr'>historico</span> <span class='ocrx_word' id='word_1_305' title='bbox 960 2033 1316 2087; x_wconf 77' lang='lat' dir='ltr'>coinmunicatio</span> <span class='ocrx_word' id='word_1_306' title='bbox 1350 2033 1424 2080; x_wconf 89' lang='lat' dir='ltr'>illa</span> <span class='ocrx_word' id='word_1_307' title='bbox 1453 2034 1725 2098; x_wconf 84' lang='lat' dir='ltr'>exprimitur</span> <span class='ocrx_word' id='word_1_308' title='bbox 1758 2048 1859 2096; x_wconf 90' lang='lat' dir='ltr'>per</span> <span class='ocrx_word' id='word_1_309' title='bbox 1871 2048 2012 2089; x_wconf 89' lang='lat' dir='ltr'>orare,</span> <span class='ocrx_word' id='word_1_310' title='bbox 2048 2049 2109 2081; x_wconf 89' lang='lat' dir='ltr'>n:</span> <span class='ocrx_word' id='word_1_311' title='bbox 2123 2037 2277 2096; x_wconf 71' lang='grc'><strong>3285,</strong></span> <span class='ocrx_word' id='word_1_312' title='bbox 2312 2035 2362 2082; x_wconf 85' lang='lat'>&amp;</span> <span class='ocrx_word' id='word_1_313' title='bbox 2395 2034 2534 2105; x_wconf 83' lang='lat' dir='ltr'>status</span> 
     </span>
    </p>
   </div>
   <div class='ocr_carea' id='block_1_3' title="bbox 543 2101 2532 2233">
    <p class='ocr_par' dir='ltr' id='par_1_6' title="bbox 543 2101 2532 2233">
     <span class='ocr_line' id='line_1_29' title="bbox 543 2101 1383 2164; baseline -0.004 -14"><span class='ocrx_word' id='word_1_314' title='bbox 543 2103 969 2150; x_wconf 88' lang='lat' dir='ltr'>communicationis</span> <span class='ocrx_word' id='word_1_315' title='bbox 993 2117 1073 2164; x_wconf 89' lang='lat' dir='ltr'>per</span> <span class='ocrx_word' id='word_1_316' title='bbox 1095 2101 1383 2163; x_wconf 87' lang='lat' dir='ltr'>interrogare.</span> 
     </span>
     <span class='ocr_line' id='line_1_30' title="bbox 611 2164 2532 2233; baseline -0.002 -16"><span class='ocrx_word' id='word_1_317' title='bbox 611 2185 752 2233; x_wconf 82' lang='lat'><strong>3292.</strong></span> <span class='ocrx_word' id='word_1_318' title='bbox 789 2168 865 2215; x_wconf 90' lang='lat' dir='ltr'>Et</span> <span class='ocrx_word' id='word_1_319' title='bbox 874 2168 990 2214; x_wconf 89' lang='lat' dir='ltr'>dixit</span> <span class='ocrx_word' id='word_1_320' title='bbox 1005 2166 1216 2227; x_wconf 87' lang='lat' dir='ltr'>Jehovah</span> <span class='ocrx_word' id='word_1_321' title='bbox 1239 2167 1319 2221; x_wconf 78' lang='lat' dir='ltr'>illi,</span> <span class='ocrx_word' id='word_1_322' title='bbox 1355 2165 1494 2229; x_wconf 88' lang='lat' dir='ltr'>quod</span> <span class='ocrx_word' id='word_1_323' title='bbox 1506 2164 1727 2229; x_wconf 72' lang='lat' dir='ltr'>significet</span> <span class='ocrx_word' id='word_1_324' title='bbox 1751 2165 2089 2228; x_wconf 89' lang='lat' dir='ltr'>perceptionem</span> <span class='ocrx_word' id='word_1_325' title='bbox 2111 2178 2184 2212; x_wconf 85' lang='lat' dir='ltr'>ex</span> <span class='ocrx_word' id='word_1_326' title='bbox 2194 2166 2386 2223; x_wconf 89' lang='lat' dir='ltr'>Divino,</span> <span class='ocrx_word' id='word_1_327' title='bbox 2422 2182 2532 2214; x_wconf 83' lang='lat' dir='ltr'>con·</span> 
     </span>
    </p>
   </div>
   <div class='ocr_carea' id='block_1_4' title="bbox 526 2231 2567 3152">
    <p class='ocr_par' dir='ltr' id='par_1_7' title="bbox 540 2231 2531 2430">
     <span class='ocr_line' id='line_1_31' title="bbox 543 2231 2529 2297; baseline 0.001 -16"><span class='ocrx_word' id='word_1_328' title='bbox 543 2233 626 2283; x_wconf 88' lang='lat' dir='ltr'>stat</span> <span class='ocrx_word' id='word_1_329' title='bbox 650 2234 770 2290; x_wconf 90' lang='lat' dir='ltr'>inde,</span> <span class='ocrx_word' id='word_1_330' title='bbox 806 2245 908 2280; x_wconf 89' lang='lat' dir='ltr'>turn</span> <span class='ocrx_word' id='word_1_331' title='bbox 945 2248 1002 2279; x_wconf 87' lang='lat' dir='ltr'>ex</span> <span class='ocrx_word' id='word_1_332' title='bbox 1032 2231 1355 2296; x_wconf 77' lang='lat' dir='ltr'>significatione</span> <span class='ocrx_word' id='word_1_333' title='bbox 1388 2232 1553 2289; x_wconf 86' lang='lat' dir='ltr'>dicere,</span> <span class='ocrx_word' id='word_1_334' title='bbox 1588 2231 1716 2295; x_wconf 92' lang='lat' dir='ltr'>quod</span> <span class='ocrx_word' id='word_1_335' title='bbox 1740 2231 1794 2278; x_wconf 82' lang='lat' dir='ltr'>fit</span> <span class='ocrx_word' id='word_1_336' title='bbox 1816 2233 2063 2296; x_wconf 80' lang='lat' dir='ltr'>percipere,</span> <span class='ocrx_word' id='word_1_337' title='bbox 2099 2231 2156 2278; x_wconf 88' lang='lat' dir='ltr'>de</span> <span class='ocrx_word' id='word_1_338' title='bbox 2178 2247 2268 2295; x_wconf 90' lang='lat' dir='ltr'>qua</span> <span class='ocrx_word' id='word_1_339' title='bbox 2301 2249 2365 2280; x_wconf 90' lang='lat' dir='ltr'>n:</span> <span class='ocrx_word' id='word_1_340' title='bbox 2393 2247 2529 2297; x_wconf 89' lang='lat'>1791.</span> 
     </span>
     <span class='ocr_line' id='line_1_32' title="bbox 550 2298 2531 2364; baseline -0.002 -13"><span class='ocrx_word' id='word_1_341' title='bbox 550 2303 1028 2363; x_wconf 85' lang='lat'><strong>1815.1819.18.22</strong></span> <span class='ocrx_word' id='word_1_342' title='bbox 1060 2302 1368 2364; x_wconf 88' lang='lat'><strong>1898.191·.9</strong></span> <span class='ocrx_word' id='word_1_343' title='bbox 1406 2302 1548 2348; x_wconf 85' lang='grc'><strong>2080.</strong></span> <span class='ocrx_word' id='word_1_344' title='bbox 1588 2298 1730 2362; x_wconf 88' lang='grc'><strong>2506.</strong></span> <span class='ocrx_word' id='word_1_345' title='bbox 1746 2312 1904 2362; x_wconf 87' lang='grc'><strong>2515.</strong></span> <span class='ocrx_word' id='word_1_346' title='bbox 1924 2314 2095 2361; x_wconf 84' lang='lat'>25523</span> <span class='ocrx_word' id='word_1_347' title='bbox 2135 2298 2197 2345; x_wconf 89' lang='lat' dir='ltr'>ita</span> <span class='ocrx_word' id='word_1_348' title='bbox 2218 2298 2366 2346; x_wconf 87' lang='lat' dir='ltr'>dicere</span> <span class='ocrx_word' id='word_1_349' title='bbox 2390 2300 2531 2362; x_wconf 82' lang='lat' dir='ltr'>Jeho·</span> 
     </span>
     <span class='ocr_line' id='line_1_33' title="bbox 540 2364 1247 2430; baseline -0.004 -16"><span class='ocrx_word' id='word_1_350' title='bbox 540 2366 629 2414; x_wconf 87' lang='lat' dir='ltr'>vah</span> <span class='ocrx_word' id='word_1_351' title='bbox 652 2365 716 2413; x_wconf 89' lang='lat' dir='ltr'>est</span> <span class='ocrx_word' id='word_1_352' title='bbox 740 2366 964 2430; x_wconf 84' lang='lat' dir='ltr'>percipere</span> <span class='ocrx_word' id='word_1_353' title='bbox 987 2380 1043 2411; x_wconf 82' lang='lat' dir='ltr'>ex</span> <span class='ocrx_word' id='word_1_354' title='bbox 1058 2364 1247 2412; x_wconf 89' lang='lat' dir='ltr'>Divino.</span> 
     </span>
    </p>

    <p class='ocr_par' dir='ltr' id='par_1_8' title="bbox 526 2428 2567 3152">
     <span class='ocr_line' id='line_1_34' title="bbox 611 2428 2567 2508; baseline -0.001 -27"><span class='ocrx_word' id='word_1_355' title='bbox 611 2449 752 2508; x_wconf 78' lang='grc'><strong>3293.</strong></span> <span class='ocrx_word' id='word_1_356' title='bbox 786 2432 911 2479; x_wconf 86' lang='lat' dir='ltr'>Duae</span> <span class='ocrx_word' id='word_1_357' title='bbox 940 2442 1096 2506; x_wconf 81' lang='lat' dir='ltr'>gentes</span> <span class='ocrx_word' id='word_1_358' title='bbox 1129 2432 1176 2478; x_wconf 89' lang='lat' dir='ltr'>in</span> <span class='ocrx_word' id='word_1_359' title='bbox 1208 2442 1340 2480; x_wconf 90' lang='lat' dir='ltr'>utero</span> <span class='ocrx_word' id='word_1_360' title='bbox 1375 2441 1475 2508; x_wconf 79' lang='lat' dir='ltr'>tuo,</span> <span class='ocrx_word' id='word_1_361' title='bbox 1509 2430 1637 2495; x_wconf 90' lang='lat' dir='ltr'>quod</span> <span class='ocrx_word' id='word_1_362' title='bbox 1675 2429 1896 2495; x_wconf 76' lang='lat' dir='ltr'>significet</span> <span class='ocrx_word' id='word_1_363' title='bbox 1935 2429 2131 2478; x_wconf 88' lang='lat' dir='ltr'>naturale</span> <span class='ocrx_word' id='word_1_364' title='bbox 2168 2430 2322 2507; x_wconf 81' lang='lat' dir='ltr'>quoad</span> <span class='ocrx_word' id='word_1_365' title='bbox 2348 2428 2529 2479; x_wconf 77' lang='lat' dir='ltr'>bonum</span> <span class='ocrx_word' id='word_1_366' title='bbox 2563 2447 2567 2451; x_wconf 91' lang='lat'>·</span> 
     </span>
     <span class='ocr_line' id='line_1_35' title="bbox 540 2497 2528 2574; baseline 0 -28"><span class='ocrx_word' id='word_1_367' title='bbox 540 2499 725 2547; x_wconf 85' lang='lat' dir='ltr'>interius</span> <span class='ocrx_word' id='word_1_368' title='bbox 749 2499 797 2545; x_wconf 76' lang='grc' dir='ltr'>ὅτ</span> <span class='ocrx_word' id='word_1_369' title='bbox 822 2500 1035 2574; x_wconf 70' lang='lat' dir='ltr'>exterius,</span> <span class='ocrx_word' id='word_1_370' title='bbox 1063 2497 1194 2560; x_wconf 91' lang='lat' dir='ltr'>quod</span> <span class='ocrx_word' id='word_1_371' title='bbox 1227 2499 1484 2561; x_wconf 79' lang='lat' dir='ltr'>concePtio,</span> <span class='ocrx_word' id='word_1_372' title='bbox 1519 2497 1692 2545; x_wconf 88' lang='lat' dir='ltr'>constat</span> <span class='ocrx_word' id='word_1_373' title='bbox 1714 2514 1773 2545; x_wconf 86' lang='lat' dir='ltr'>ex</span> <span class='ocrx_word' id='word_1_374' title='bbox 1788 2497 2116 2560; x_wconf 75' lang='lat' dir='ltr'>significatione</span> <span class='ocrx_word' id='word_1_375' title='bbox 2133 2499 2363 2559; x_wconf 83' lang='lat' dir='ltr'>gentium,</span> <span class='ocrx_word' id='word_1_376' title='bbox 2398 2497 2528 2560; x_wconf 86' lang='lat' dir='ltr'>quod</span> 
     </span>
     <span class='ocr_line' id='line_1_36' title="bbox 539 2563 2526 2629; baseline 0 -18"><span class='ocrx_word' id='word_1_377' title='bbox 539 2565 626 2612; x_wconf 86' lang='lat' dir='ltr'>fint</span> <span class='ocrx_word' id='word_1_378' title='bbox 665 2564 799 2620; x_wconf 87' lang='lat' dir='ltr'>bona,</span> <span class='ocrx_word' id='word_1_379' title='bbox 836 2565 1060 2626; x_wconf 86' lang='lat' dir='ltr'>imprimis</span> <span class='ocrx_word' id='word_1_380' title='bbox 1078 2563 1316 2619; x_wconf 79' lang='lat' dir='ltr'>Ecclefiae,</span> <span class='ocrx_word' id='word_1_381' title='bbox 1357 2564 1414 2610; x_wconf 86' lang='lat' dir='ltr'>de</span> <span class='ocrx_word' id='word_1_382' title='bbox 1447 2579 1537 2626; x_wconf 87' lang='lat' dir='ltr'>qua</span> <span class='ocrx_word' id='word_1_383' title='bbox 1570 2563 2526 2629; x_wconf 63' lang='grc' dir='ltr'><strong>11.11591258.1260.141ἕ6.-1849,</strong></span> 
     </span>
     <span class='ocr_line' id='line_1_37' title="bbox 533 2626 2523 2704; baseline -0.001 -27.993"><span class='ocrx_word' id='word_1_384' title='bbox 533 2630 614 2676; x_wconf 90' lang='lat' dir='ltr'>hic</span> <span class='ocrx_word' id='word_1_385' title='bbox 638 2629 765 2704; x_wconf 81' lang='lat' dir='ltr'>quod</span> <span class='ocrx_word' id='word_1_386' title='bbox 796 2629 880 2675; x_wconf 90' lang='lat' dir='ltr'>fint</span> <span class='ocrx_word' id='word_1_387' title='bbox 903 2630 1020 2675; x_wconf 90' lang='lat' dir='ltr'>bona</span> <span class='ocrx_word' id='word_1_388' title='bbox 1048 2643 1153 2690; x_wconf 87' lang='lat' dir='ltr'>quae</span> <span class='ocrx_word' id='word_1_389' title='bbox 1188 2630 1234 2675; x_wconf 90' lang='lat' dir='ltr'>in</span> <span class='ocrx_word' id='word_1_390' title='bbox 1272 2628 1476 2685; x_wconf 84' lang='lat' dir='ltr'>naturali,</span> <span class='ocrx_word' id='word_1_391' title='bbox 1511 2640 1634 2691; x_wconf 89' lang='lat' dir='ltr'>patet</span> <span class='ocrx_word' id='word_1_392' title='bbox 1672 2643 1730 2675; x_wconf 84' lang='lat' dir='ltr'>ex</span> <span class='ocrx_word' id='word_1_393' title='bbox 1759 2643 1849 2683; x_wconf 90' lang='grc'>00,</span> <span class='ocrx_word' id='word_1_394' title='bbox 1873 2627 1998 2689; x_wconf 90' lang='lat' dir='ltr'>quod</span> <span class='ocrx_word' id='word_1_395' title='bbox 2024 2626 2140 2673; x_wconf 88' lang='lat' dir='ltr'>Esau</span> <span class='ocrx_word' id='word_1_396' title='bbox 2173 2626 2223 2673; x_wconf 73' lang='grc' dir='ltr'>δε</span> <span class='ocrx_word' id='word_1_397' title='bbox 2244 2627 2406 2688; x_wconf 80' lang='lat' dir='ltr'>Jacob,</span> <span class='ocrx_word' id='word_1_398' title='bbox 2442 2630 2523 2690; x_wconf 88' lang='lat' dir='ltr'>qui</span> 
     </span>
     <span class='ocr_line' id='line_1_38' title="bbox 541 2691 2527 2756; baseline -0.001 -14"><span class='ocrx_word' id='word_1_399' title='bbox 541 2707 651 2742; x_wconf 90' lang='lat' dir='ltr'>tunc</span> <span class='ocrx_word' id='word_1_400' title='bbox 686 2696 732 2742; x_wconf 90' lang='lat' dir='ltr'>in</span> <span class='ocrx_word' id='word_1_401' title='bbox 755 2706 900 2750; x_wconf 87' lang='lat' dir='ltr'>utero,</span> <span class='ocrx_word' id='word_1_402' title='bbox 937 2691 1249 2756; x_wconf 68' lang='lat' dir='ltr'>repraesentent</span> <span class='ocrx_word' id='word_1_403' title='bbox 1270 2693 1496 2740; x_wconf 79' lang='lat' dir='ltr'>Divinum</span> <span class='ocrx_word' id='word_1_404' title='bbox 1521 2693 1717 2740; x_wconf 82' lang='lat' dir='ltr'>naturale</span> <span class='ocrx_word' id='word_1_405' title='bbox 1728 2693 1942 2748; x_wconf 86' lang='lat' dir='ltr'>Domini,</span> <span class='ocrx_word' id='word_1_406' title='bbox 1980 2703 2032 2738; x_wconf 87' lang='lat' dir='ltr'>ut</span> <span class='ocrx_word' id='word_1_407' title='bbox 2055 2691 2299 2740; x_wconf 86' lang='lat' dir='ltr'>manifeste</span> <span class='ocrx_word' id='word_1_408' title='bbox 2308 2692 2527 2740; x_wconf 85' lang='lat' dir='ltr'>constabit</span> 
     </span>
     <span class='ocr_line' id='line_1_39' title="bbox 540 2750 2523 2825; baseline 0.001 -18"><span class='ocrx_word' id='word_1_409' title='bbox 540 2776 599 2807; x_wconf 86' lang='lat' dir='ltr'>ex</span> <span class='ocrx_word' id='word_1_410' title='bbox 630 2759 931 2823; x_wconf 85' lang='lat' dir='ltr'>sequentibus,</span> <span class='ocrx_word' id='word_1_411' title='bbox 969 2758 1047 2804; x_wconf 91' lang='lat' dir='ltr'>ubi</span> <span class='ocrx_word' id='word_1_412' title='bbox 1080 2758 1138 2804; x_wconf 91' lang='lat' dir='ltr'>de</span> <span class='ocrx_word' id='word_1_413' title='bbox 1159 2758 1246 2805; x_wconf 89' lang='lat' dir='ltr'>illis</span> <span class='ocrx_word' id='word_1_414' title='bbox 1269 2759 1452 2825; x_wconf 78' lang='lat' dir='ltr'>agitur3</span> <span class='ocrx_word' id='word_1_415' title='bbox 1494 2758 1690 2805; x_wconf 90' lang='lat' dir='ltr'>naturale</span> <span class='ocrx_word' id='word_1_416' title='bbox 1722 2758 1834 2804; x_wconf 85' lang='lat' dir='ltr'>ficut</span> <span class='ocrx_word' id='word_1_417' title='bbox 1857 2757 2066 2805; x_wconf 86' lang='lat' dir='ltr'>rationale</span> <span class='ocrx_word' id='word_1_418' title='bbox 2089 2750 2287 2807; x_wconf 76' lang='lat' dir='ltr'>consistit</span> <span class='ocrx_word' id='word_1_419' title='bbox 2319 2775 2376 2806; x_wconf 86' lang='lat' dir='ltr'>ex</span> <span class='ocrx_word' id='word_1_420' title='bbox 2399 2759 2523 2808; x_wconf 92' lang='lat' dir='ltr'>bono</span> 
     </span>
     <span class='ocr_line' id='line_1_40' title="bbox 529 2822 2524 2889; baseline -0.001 -15"><span class='ocrx_word' id='word_1_421' title='bbox 529 2829 588 2875; x_wconf 65' lang='grc' dir='ltr'>’ἃ</span> <span class='ocrx_word' id='word_1_422' title='bbox 612 2842 739 2882; x_wconf 86' lang='lat' dir='ltr'>vero,</span> <span class='ocrx_word' id='word_1_423' title='bbox 775 2825 983 2871; x_wconf 89' lang='lat' dir='ltr'>bonurn</span> <span class='ocrx_word' id='word_1_424' title='bbox 974 2840 1020 2870; x_wconf 90' lang='lat' dir='ltr'>1n</span> <span class='ocrx_word' id='word_1_425' title='bbox 1042 2824 1230 2870; x_wconf 89' lang='lat' dir='ltr'>naturali</span> <span class='ocrx_word' id='word_1_426' title='bbox 1249 2822 1314 2871; x_wconf 88' lang='lat' dir='ltr'>est</span> <span class='ocrx_word' id='word_1_427' title='bbox 1336 2838 1473 2871; x_wconf 88' lang='lat' dir='ltr'>omne</span> <span class='ocrx_word' id='word_1_428' title='bbox 1507 2824 1554 2870; x_wconf 87' lang='lat' dir='ltr'>id</span> <span class='ocrx_word' id='word_1_429' title='bbox 1575 2823 1710 2887; x_wconf 87' lang='lat' dir='ltr'>quod</span> <span class='ocrx_word' id='word_1_430' title='bbox 1742 2823 1989 2871; x_wconf 57' lang='lat' dir='ltr'>affectionis</span> <span class='ocrx_word' id='word_1_431' title='bbox 2023 2824 2232 2871; x_wconf 87' lang='lat' dir='ltr'>naturalis</span> <span class='ocrx_word' id='word_1_432' title='bbox 2264 2824 2344 2882; x_wconf 87' lang='lat' dir='ltr'>est,</span> <span class='ocrx_word' id='word_1_433' title='bbox 2378 2823 2464 2872; x_wconf 88' lang='lat'>&amp;</span> <span class='ocrx_word' id='word_1_434' title='bbox 2445 2833 2524 2889; x_wconf 80' lang='lat' dir='ltr'>Ju-</span> 
     </span>
     <span class='ocr_line' id='line_1_41' title="bbox 536 2860 2523 2952; baseline 0 -13"><span class='ocrx_word' id='word_1_435' title='bbox 536 2892 743 2939; x_wconf 89' lang='lat' dir='ltr'>cundum</span> <span class='ocrx_word' id='word_1_436' title='bbox 765 2903 971 2947; x_wconf 77' lang='lat' dir='ltr'>vocatur,</span> <span class='ocrx_word' id='word_1_437' title='bbox 1006 2905 1166 2936; x_wconf 88' lang='lat' dir='ltr'>verum</span> <span class='ocrx_word' id='word_1_438' title='bbox 1196 2902 1347 2937; x_wconf 89' lang='lat' dir='ltr'>autem</span> <span class='ocrx_word' id='word_1_439' title='bbox 1382 2905 1520 2936; x_wconf 90' lang='lat' dir='ltr'>omne</span> <span class='ocrx_word' id='word_1_440' title='bbox 1552 2889 1600 2936; x_wconf 92' lang='lat' dir='ltr'>id</span> <span class='ocrx_word' id='word_1_441' title='bbox 1636 2889 1763 2952; x_wconf 85' lang='lat' dir='ltr'>quod</span> <span class='ocrx_word' id='word_1_442' title='bbox 1797 2887 1992 2937; x_wconf 74' lang='lat' dir='ltr'>scientiae</span> <span class='ocrx_word' id='word_1_443' title='bbox 2028 2888 2107 2946; x_wconf 90' lang='lat' dir='ltr'>est,</span> <span class='ocrx_word' id='word_1_444' title='bbox 2143 2890 2193 2937; x_wconf 74' lang='grc' dir='ltr'>ὅτ</span> <span class='ocrx_word' id='word_1_445' title='bbox 2227 2860 2523 2939; x_wconf 87' lang='lat' dir='ltr'>scientificum</span> 
     </span>
     <span class='ocr_line' id='line_1_42' title="bbox 526 2953 2521 3021; baseline -0.001 -16"><span class='ocrx_word' id='word_1_446' title='bbox 526 2959 738 3012; x_wconf 66' lang='lat' dir='ltr'>”dicit-ur,</span> <span class='ocrx_word' id='word_1_447' title='bbox 780 2956 877 3003; x_wconf 87' lang='lat' dir='ltr'>haec</span> <span class='ocrx_word' id='word_1_448' title='bbox 902 2956 1004 3002; x_wconf 88' lang='lat' dir='ltr'>bina</span> <span class='ocrx_word' id='word_1_449' title='bbox 1035 2962 1167 3003; x_wconf 88' lang='lat' dir='ltr'>erunt</span> <span class='ocrx_word' id='word_1_450' title='bbox 1200 2956 1246 3002; x_wconf 90' lang='lat' dir='ltr'>in</span> <span class='ocrx_word' id='word_1_451' title='bbox 1270 2955 1474 3011; x_wconf 88' lang='lat' dir='ltr'>naturali,</span> <span class='ocrx_word' id='word_1_452' title='bbox 1505 2966 1561 3001; x_wconf 89' lang='lat' dir='ltr'>ut</span> <span class='ocrx_word' id='word_1_453' title='bbox 1589 2954 1642 3002; x_wconf 87' lang='lat' dir='ltr'>fit</span> <span class='ocrx_word' id='word_1_454' title='bbox 1658 2955 1894 3011; x_wconf 56' lang='lat' dir='ltr'>⁴naturale3</span> <span class='ocrx_word' id='word_1_455' title='bbox 1936 2953 2087 3018; x_wconf 75' lang='lat' dir='ltr'>ipsum</span> <span class='ocrx_word' id='word_1_456' title='bbox 2113 2955 2406 3006; x_wconf 86' lang='lat' dir='ltr'>scientificum</span> <span class='ocrx_word' id='word_1_457' title='bbox 2440 2974 2521 3021; x_wconf 89' lang='lat' dir='ltr'>per</span> 
     </span>
     <span class='ocr_line' id='line_1_43' title="bbox 533 3019 2522 3097; baseline 0 -26"><span class='ocrx_word' id='word_1_458' title='bbox 533 3024 578 3072; x_wconf 84' lang='lat' dir='ltr'>se</span> <span class='ocrx_word' id='word_1_459' title='bbox 610 3019 820 3070; x_wconf 65' lang='lat' dir='ltr'>abstracte</span> <span class='ocrx_word' id='word_1_460' title='bbox 859 3039 884 3070; x_wconf 89' lang='lat' dir='ltr'>a</span> <span class='ocrx_word' id='word_1_461' title='bbox 917 3019 1135 3097; x_wconf 76' lang='lat' dir='ltr'>iucundo,</span> <span class='ocrx_word' id='word_1_462' title='bbox 1171 3022 1297 3084; x_wconf 89' lang='lat' dir='ltr'>quod</span> <span class='ocrx_word' id='word_1_463' title='bbox 1321 3021 1385 3068; x_wconf 88' lang='lat' dir='ltr'>est</span> <span class='ocrx_word' id='word_1_464' title='bbox 1419 3020 1682 3078; x_wconf 70' lang='lat' dir='ltr'>affectionis,</span> <span class='ocrx_word' id='word_1_465' title='bbox 1706 3034 1810 3069; x_wconf 85' lang='grc'><strong>·11011</strong></span> <span class='ocrx_word' id='word_1_466' title='bbox 1844 3020 1922 3068; x_wconf 86' lang='lat' dir='ltr'>est-</span> <span class='ocrx_word' id='word_1_467' title='bbox 1940 3021 2128 3084; x_wconf 83' lang='lat' dir='ltr'>aliquid,</span> <span class='ocrx_word' id='word_1_468' title='bbox 2162 3039 2189 3069; x_wconf 88' lang='lat' dir='ltr'>a</span> <span class='ocrx_word' id='word_1_469' title='bbox 2211 3021 2422 3086; x_wconf 85' lang='lat' dir='ltr'>jucundo</span> <span class='ocrx_word' id='word_1_470' title='bbox 2458 3023 2522 3071; x_wconf 91' lang='lat' dir='ltr'>ibi</span> 
     </span>
     <span class='ocr_line' id='line_1_44' title="bbox 532 3086 2521 3152; baseline -0.001 -14"><span class='ocrx_word' id='word_1_471' title='bbox 532 3089 665 3140; x_wconf 88' lang='lat' dir='ltr'>habet</span> <span class='ocrx_word' id='word_1_472' title='bbox 687 3088 881 3142; x_wconf 88' lang='lat' dir='ltr'>naturale</span> <span class='ocrx_word' id='word_1_473' title='bbox 903 3089 1026 3135; x_wconf 87' lang='lat' dir='ltr'>suam</span> <span class='ocrx_word' id='word_1_474' title='bbox 1052 3088 1212 3144; x_wconf 81' lang='lat' dir='ltr'>vitam,</span> <span class='ocrx_word' id='word_1_475' title='bbox 1247 3103 1354 3135; x_wconf 88' lang='lat' dir='ltr'>narn</span> <span class='ocrx_word' id='word_1_476' title='bbox 1378 3102 1435 3134; x_wconf 88' lang='lat' dir='ltr'>ex</span> <span class='ocrx_word' id='word_1_477' title='bbox 1457 3086 1536 3134; x_wconf 90' lang='lat' dir='ltr'>illo</span> <span class='ocrx_word' id='word_1_478' title='bbox 1559 3087 1707 3145; x_wconf 88' lang='lat' dir='ltr'>habet,</span> <span class='ocrx_word' id='word_1_479' title='bbox 1742 3099 1814 3135; x_wconf 89' lang='lat' dir='ltr'>ut</span> <span class='ocrx_word' id='word_1_480' title='bbox 1820 3086 1926 3134; x_wconf 90' lang='lat' dir='ltr'>scire</span> <span class='ocrx_word' id='word_1_481' title='bbox 1957 3087 2128 3150; x_wconf 88' lang='lat' dir='ltr'>aliquid</span> <span class='ocrx_word' id='word_1_482' title='bbox 2151 3091 2314 3152; x_wconf 84' lang='lat' dir='ltr'>poffit3</span> <span class='ocrx_word' id='word_1_483' title='bbox 2342 3088 2521 3152; x_wconf 81' lang='lat' dir='ltr'>jucun-</span> 
     </span>
    </p>
   </div>
   <div class='ocr_carea' id='block_1_5' title="bbox 529 3152 2523 3273">
    <p class='ocr_par' dir='ltr' id='par_1_9' title="bbox 529 3152 2523 3273">
     <span class='ocr_line' id='line_1_45' title="bbox 529 3152 2523 3273; baseline 0.001 -67"><span class='ocrx_word' id='word_1_484' title='bbox 529 3157 662 3207; x_wconf 51' lang='lat' dir='ltr'>dum*</span> <span class='ocrx_word' id='word_1_485' title='bbox 657 3167 839 3215; x_wconf 74' lang='lat' dir='ltr'>antem,</span> <span class='ocrx_word' id='word_1_486' title='bbox 853 3155 995 3221; x_wconf 89' lang='lat' dir='ltr'>quod</span> <span class='ocrx_word' id='word_1_487' title='bbox 1003 3154 1075 3203; x_wconf 85' lang='lat' dir='ltr'>est</span> <span class='ocrx_word' id='word_1_488' title='bbox 1098 3153 1274 3204; x_wconf 88' lang='lat' dir='ltr'>bonum</span> <span class='ocrx_word' id='word_1_489' title='bbox 1298 3153 1519 3203; x_wconf 88' lang='lat' dir='ltr'>naturalis</span> <span class='ocrx_word' id='word_1_490' title='bbox 1530 3152 1708 3218; x_wconf 83' lang='lat' dir='ltr'>absque</span> <span class='ocrx_word' id='word_1_491' title='bbox 1718 3153 1978 3203; x_wconf 82' lang='lat' dir='ltr'>scientifico</span> <span class='ocrx_word' id='word_1_492' title='bbox 1987 3153 2050 3202; x_wconf 89' lang='lat' dir='ltr'>est</span> <span class='ocrx_word' id='word_1_493' title='bbox 2070 3154 2259 3220; x_wconf 83' lang='lat' dir='ltr'>aliquid,</span> <span class='ocrx_word' id='word_1_494' title='bbox 2280 3154 2355 3205; x_wconf 79' lang='lat' dir='ltr'>sed</span> <span class='ocrx_word' id='word_1_495' title='bbox 2379 3156 2523 3273; x_wconf 47' lang='lat' dir='ltr'>modii}</span> 
     </span>
     <span class='ocr_line' id='line_1_46' title="bbox 2456 3236 2481 3271; baseline 0 0"><span class='ocrx_word' id='word_1_496' title='bbox 2456 3236 2481 3271; x_wconf 85' lang='grc'>0</span> 
     </span>
    </p>
   </div>
  </div>
 </body>
</html>
