2904 3750
506 205 637 332 514
874 198 877 204 ’
1025 241 1090 309 G
1179 242 1244 310 E
1335 239 1574 309 NE
1666 237 1718 308 s
1807 240 2014 318 ιἰε.

571 368 714 435 3823.
751 368 961 426 Amabat
988 368 1137 430 Jacob
1161 365 1599 433 Rachelem,·quod
1635 366 1862 430 significet
1893 367 2007 417 boni
2037 380 2247 416 amorem
2279 381 2391 433 erga
2422 369 2512 419 νει-’-

502 451 607 484 rum
636 439 882 492 internum,
917 434 1094 482 constat
1117 449 1176 482 ex
1203 432 1611 499 repraesentatione
1634 433 1818 496 Jacobi,
1856 433 1983 499 quod
2020 433 2075 482 fit
2108 435 2283 482 bonum
2318 446 2511 484 natura-›-

502 503 572 559 lis,
610 501 667 548 de
705 517 795 566 qua
827 517 855 548 η
885 516 895 547 :
925 517 1068 565 3599.
1100 501 1246 566 3659.
1275 515 1442 564 3775;
1486 500 1539 549 &
1577 515 1645 549 ex:
1667 499 2073 566 repraesentatione
2102 500 2335 559 RacheliS,
2369 501 2509 566 quod·

502 566 765 624 sit-affectio
799 565 897 614 veri
938 567 1124 624 interni,
1165 566 1226 614 de
1248 582 1345 632 ,qua
1368 582 1431 614 n:
1459 581 1602 632 3793.
1629 570 1774 632 3819,
1811 565 1885 614 hic
1908 582 2070 615 verum
2105 566 2344 616 internum
2381 582 2510 616 con-v

495 632 786 697 jungendum
811 633 937 680 bono
964 631 1197 690 naturaliS,
1236 647 1328 698 pro
1350 648 1441 696 qua
1462 632 1789 697 conjunctione
1810 647 1961 681 amor.

572 704 715 762 3824.
754 699 817 748 Et
839 698 976 755 dixit,
1012 697 1211 747 serviam
1237 698 1327 746 tibi
1358 698 1532 763 septem
1556 698 1688 747 annis
1713 713 1800 764 pro
1821 697 2026 763 R'achele
2048 698 2144 747 filia
2172 710 2252 748 tua
2288 699 2491 757 minore,
2502 739 2508 746 .,

500 765 625 830 quod
656 765 881 829 significet
905 764 1102 814 studium
1128 763 1180 811 ec
1211 775 1323 812 tunc
1352 764 1518 813 statum
1552 763 1839 813 sanetumut
1868 779 1975 814 cum
2012 765 2196 814 interno
2227 780 2340 814 vero
2379 782 2507 815 con·-

493 831 783 895 jungeretur,
820 832 991 879 constat
1014 847 1039 877 a
1065 830 1404 893 significatione
1446 830 1630 888 servire,
1676 829 1804 896 quod
1835 829 1893 887 Iit
1929 829 2168 886 studium;
2202 847 2230 879 a
2264 831 2504 896 significa·-

438 892 442 899 ’
500 897 626 944 tione
654 896 841 961 septem,
875 897 999 962 quod
1025 896 1079 945 fit
1102 896 1328 954 sanstum,
1363 897 1423 945 de
1445 913 1535 962 qua
1558 913 1586 944 n
1609 914 1620 945 ε
1651 912 1766 961 395.
1790 911 1904 959 433.
1944 897 2058 960 716.
2087 900 2179 947 881
2206 917 2227 952 ·,
2259 896 2391 946 &ex
2408 897 2494 962 fig-

500 963 762 1010 nificatione
790 980 1032 1020 annorum,
1058 962 1184 1028 quod
1209 962 1297 1011 fint
1319 961 1472 1022 status,
1496 963 1556 1010 de
1579 979 1670 1027 qua
1691 979 1722 1010 n
1748 980 1759 1010 ε
1784 967 1898 1026 487.
1927 966 2041 1024 488.
2067 979 2181 1027 493.
2213 966 2326 1027 893,
2361 964 2506 1028 quod*

502 1028 554 1075 fit
586 1041 777 1092 propter
800 1029 1189 1091 conjunctionem,
1225 1030 1437 1085 constat;
1474 1028 1584 1078 inde
1609 1039 1761 1094 patet,
1790 1028 1916 1093 quod
1942 1044 2026 1092 per
2049 1028 2247 1076 serviam
2271 1028 2359 1076 tibi
2385 1028 2487 1094 sep-

503 1106 596 1141 tem
628 1096 754 1143 annis
778 1111 864 1160 pro
899 1096 1103 1158 Rachele
1136 1095 1233 1143 filia
1256 1107 1332 1142 tua
1364 1097 1577 1154 minore,
1603 1095 1882 1159 significetur
1914 1093 2116 1142 studium
2143 1096 2195 1143 δε
2218 1106 2326 1142 tunc
2349 1093 2488 1143 status

504 1159 676 1208 sanctus
706 1174 754 1209 ut
787 1177 894 1209 curn
919 1162 1103 1209 interno
1130 1178 1239 1210 vero
1262 1160 1632 1227 conjungeretur.
1703 1162 1887 1209 Interna
1908 1176 2017 1208 vera
2047 1159 2272 1224 conjungi
2297 1161 2505 1208 naturali‹

502 1225 728 1284 dicuntur,
767 1242 871 1274 cum
914 1227 1169 1285 discuntur„
1198 1227 1506 1291 agnoscuntur
1545 1229 1596 1276 ὅτ
1635 1227 1928 1282 creduntur,
1964 1226 2014 1275 in
2050 1225 2239 1274 naturali
2280 1225 2504 1274 hominis*

502 1291 574 1338 seu
605 1292 648 1339 in
677 1291 804 1356 hujus
832 1294 1057 1341 memoria
1083 1294 1186 1341 funt
1208 1310 1314 1342 vera
1339 1308 1433 1343 tam
1459 1307 1647 1342 externa
1676 1310 1816 1359 quam
1850 1293 2049 1350 interna,
2082 1294 2135 1340 ·&
2163 1291 2228 1339 ibi
2259 1303 2308 1340 ut
2336 1291 2481 1340 scien-

502 1357 625 1405 tifica
649 1358 934 1416 doctrinalia,
961 1359 1035 1407 sed
1064 1375 1155 1408 non
1183 1360 1309 1425 prius
1333 1359 1576 1424 conjuncta
1601 1359 1716 1418 sunt,
1751 1376 1890 1425 quam
1915 1374 2024 1406 cum
2047 1359 2192 1406 homo
2227 1357 2320 1407 illis
2342 1363 2433 1423 pro'
2465 1385 2482 1396 ·

503 1436 572 1470 ter
597 1424 725 1471 usum
750 1425 856 1472 vitae
886 1426 1097 1483 afficitur,
1134 1425 1206 1473 seu
1241 1432 1432 1490 propter
1456 1427 1604 1475 vitam
1627 1440 1855 1483 amantur,
1891 1441 2001 1474 nam
2036 1425 2346 1473 tunobonum
2389 1423 2421 1471 il
2442 1424 2484 1473 ia

502 1491 754 1552 copulatur,
802 1507 887 1555 per
924 1492 1050 1557 quod
1075 1490 1438 1555 ‚conjunguntur
1478 1508 1583 1541 cum
1631 1493 1858 1548 rationali,
1912 1491 2115 1555 pro-inde
2150 1506 2266 1539 cum.
2300 1490 2501 1541 interno-

504 1555 692 1603 homine
714 1574 723 1603 :
761 1573 843 1620 per
868 1558 983 1605 hanc
1007 1557 1131 1605 viam
1155 1558 1219 1605 est
1246 1558 1442 1606 influxus
1466 1559 1576 1606 vitae
1601 1559 1649 1606 in
1674 1559 1754 1606 illa
1774 1575 1801 1606 a
1824 1558 2054 1607 Domino.
2100 1580 2103 1583 “

568 1626 713 1683 3825.
749 1623 812 1670 Et
845 1622 966 1670 dixit
1002 1623 1180 1680 Laban,
1218 1623 1394 1671 bonum
1427 1625 1536 1671 dare
1576 1641 1651 1673 me
1698 1623 1827 1672 illam
1860 1623 1949 1671 tibi
1986 1639 2086 1686 prae
2119 1622 2227 1672 dare
2252 1637 2328 1670 me
2353 1621 2499 1672 illam*

502 1685 601 1733 viro
624 1687 722 1741 alii,
760 1704 894 1734 mane
921 1703 1122 1745 mecum,
1159 1688 1286 1751 quod
1321 1689 1547 1751 significet
1584 1689 1790 1736 medium
1824 1688 2170 1751 conjunctioni-s
2199 1703 2284 1750 per
2317 1696 2500 1736 ver'um-

505 1752 694 1799 interius
718 1768 823 1799 cum
854 1753 934 1799 illo
957 1754 1100 1809 bono,
1136 1752 1312 1800 constat
1337 1769 1393 1801 ex
1435 1754 1770 1816 significatione
1806 1753 2062 1810 mercedis,¹
2086 1753 2147 1799 de
2184 1769 2274 1817 qua
2299 1753 2376 1800 hic
2412 1768 2481 1801 re-

504 1815 751 1880 spondetur
774 1819 823 1865 &
852 1817 939 1865 illis
966 1818 1120 1865 verbis
1142 1817 1408 1876 affirmatur,
1444 1820 1571 1883 quod
1595 1819 1649 1867 fit
1681 1818 1886 1867 medium
1921 1817 2272 1880 conjunctionis,
2309 1820 2368 1866 de
2390 1834 2481 1883 qua

503 1898 534 1928 n
563 1900 573 1929 :
604 1884 763 1946 3816;
802 1884 924 1946 quod
963 1884 1157 1942 Rachel,
1192 1900 1298 1947 quae
1333 1884 1408 1932 hic
1447 1885 1511 1933 est
1545 1891 1705 1934 verum
1741 1884 1942 1941 interius,
1979 1885 2031 1930 δε
2063 1884 2188 1947 quod
2211 1884 2369 1943 Jacob*
2399 1884 2500 1948 qui·

501 1947 577 1995 hic
600 1949 663 1995 est
685 1949 784 2006 tibi,
812 1951 861 1996 fit
884 1950 1076 2006 bonum,
1098 1951 1218 2014 prius
1243 1950 1467 1999 ostensum
1490 1951 1570 1998 est.
1644 1950 1791 2016 Qod
1814 1948 2191 2013 conjunctionem
2219 1948 2329 2012 boni
2349 1949 2479 2014 quod
2491 1964 2496 1973 ·“

503 2015 649 2075 Jacob
679 2031 781 2063 cum
809 2015 931 2064 bono
953 2017 1076 2079 quod
1105 2016 1284 2073 Laban,
1320 2032 1401 2079 per
1421 2031 1581 2064 verum
1608 2016 1798 2064 interius
1826 2015 1952 2079 quod
1978 2013 2176 2072 Rachel,
2203 2014 2382 2073 attinet,
2415 2015 2497 2063 est*

500 2095 730 2137 arcanum,
767 2081 892 2144 quod
926 2083 981 2128 ad
1012 2093 1204 2144 ,captum
1242 2097 1333 2128 non
1368 2080 1504 2129 facile
1533 2080 1728 2130 describi
1759 2080 1926 2145 potest,
1963 2080 2082 2129 clara
2106 2080 2209 2128 idea
2239 2080 2495 2145 utriusque⁴

501 2145 629 2202 boni,
667 2157 762 2193 tum
788 2163 967 2211 quoque
999 2147 1248 2195 affectionis
1285 2147 1383 2194 veri
1425 2147 1667 2205 interioris,
1701 2148 1829 2211 prius
1862 2146 2078 2209 habenda*
2101 2145 2184 2203 est,
2210 2146 2476 2196 'intellectus

500 2211 649 2259 omnis
674 2212 737 2258 rei
761 2214 899 2259 etiam
925 2212 1170 2260 secundum
1198 2212 1321 2260 ideas
1344 2213 1424 2271 est,
1459 2214 1608 2262 nullus
1632 2214 1663 2262 fi
1687 2214 1816 2262 nulla
1833 2212 1936 2277 ejus
1953 2212 2070 2269 idea,
2107 2211 2317 2260 obscurus
2340 2212 2493 2260 fieb--

498 2275 640 2334 scura,
691 2278 919 2341 perversus
958 2278 989 2325 s1
1027 2279 1251 2341 perversa,
1287 2280 1427 2327 clarus
1462 2280 1495 2327 fi
1525 2280 1679 2337 clara,
1728 2281 1778 2328 &
1815 2287 2000 2343 quoque
2037 2277 2285 2326 secundum
2338 2277 2479 2326 affec-

499 2342 663 2398 tiones,
699 2360 780 2406 per
804 2361 910 2408 quas
937 2344 1038 2391 idea
1061 2344 1236 2393 etiamsi
1259 2345 1377 2393 clara
1398 2362 1583 2411 quoque
1599 2346 1802 2396 variatur
1821 2366 1838 2401 ς
1871 2344 2186 2410 paucis-usque
2207 2339 2494 2402 dicendum„

428 2453 442 2458 ,
496 2408 618 2472 apud
643 2425 829 2457 omnem
858 2410 1100 2458 hominem
1129 2410 1208 2475 qui
1234 2424 1541 2474 regeneratur,
1577 2410 1871 2477 bonumejus
1895 2411 2124 2468 naturalis,
2148 2410 2280 2475 quale
2310 2409 2387 2459 hic·
2407 2425 2486 2458 re·

495 2474 796 2537 praesentatur
820 2491 902 2541 per
925 2476 1175 2537 Jacobum,
1212 2476 1507 2542 conjungitur
1548 2478 1905 2542 primumcum
1948 2472 2092 2535 bono,
2125 2475 2371 2541 quale-hic
2403 2492 2486 2524 re·-

497 2540 789 2603 praesentatur
811 2558 894 2607 per
918 2543 1172 2600 Labanem,
1213 2559 1298 2607 per
1319 2543 1610 2593 affectionem
1643 2544 1739 2594 veri
1776 2543 2032 2601 interioris,
2057 2553 2179 2608 quae·
2200 2542 2281 2590 hie-
2303 2557 2484 2608 reprae--
2531 2573 2536 2578 ,

499 2606 691 2653 sentatur
726 2624 805 2670 per
828 2608 1095 2666 Rachelem,
1134 2611 1186 2657 &
1222 2610 1377 2673 postea
1410 2625 1515 2659 cum
1551 2611 1678 2659 bono
1700 2609 1961 2659 Rationalis
1991 2611 2188 2671 &qvem
2218 2606 2344 2673 ejus„
2365 2623 2489 2673 quae‘

496 2670 595 2718 sunt
619 2671 847 2721 Iischakus
872 2675 921 2721 ὅτ
945 2675 1188 2730 Rebecca;
1225 2692 1306 2738 per
1339 2676 1543 2740 primam
1575 2677 1702 2725 illam
1733 2675 2109 2740 conjunctionem
2149 2674 2214 2723 est
2249 2673 2471 2736 homo-‚ist

497 2737 606 2784 statu
636 2739 885 2803 recipiendi
920 2757 1024 2788 vera
1054 2740 1231 2788 interna
1263 2742 1335 2789 seu
1372 2742 1639 2806 spiritualia,
1685 2759 1791 2808 quae
1817 2742 1929 2790 sunt
1953 2741 2108 2790 media
2124 2737 2483 2804 conjunctionis,

500 2802 734 2851 Naturalis
756 2821 860 2852 cum
885 2806 1138 2862 Rationali‚
1176 2807 1247 2855 seu
1271 2808 1467 2855 Externi
1499 2807 1702 2856 hominis
1723 2825 1832 2855 curn
1860 2804 2062 2855 InternO.
2132 2830 2135 2831 ⁷
2324 2818 2353 2832 ⁴*
2384 2812 2386 2814 ’

564 2871 706 2930 3826.
746 2870 806 2916 Et
830 2865 1019 2918 servivit
1041 2871 1191 2931 Jacob
1214 2889 1303 2936 pro
1325 2874 1526 2922 Rachele
1549 2873 1724 2936 septem
1739 2873 1901 2928 annis,
1925 2870 2051 2935 quod
2074 2867 2299 2932 significet
2322 2864 2467 2914 effec-

482 2943 610 2990 tum,
648 2936 818 2982 constat
852 2953 908 2984 ex
941 2936 1273 2998 significatione
1315 2938 1483 2984 horum
1512 2941 1778 2994 verborum,
1814 2936 1939 3001 quod
1974 2936 2028 2982 fit
2051 2934 2252 2982 studium
2277 2932 2326 2980 δε
2352 2943 2465 2980 tunc

495 2997 630 3046 status
663 2999 833 3049 sanctus
867 3016 917 3050 ut
948 3016 1054 3049 cum
1096 3001 1279 3050 interno
1302 3018 1413 3051 vero
1440 3002 1810 3067 conjungeretur,
1847 3002 1906 3049 de
1939 3017 2030 3066 qua
2062 3000 2196 3065 supra
2225 3016 2253 3048 n
2275 3015 2286 3045 :
2310 3002 2475 3062 3824,ι

495 3063 719 3128 hic-quod
746 3067 797 3112 fit
830 3068 1017 3115 effectus
1050 3065 1144 3130 ejus
1177 3069 1259 3125 rei,
1296 3080 1435 3131 patet.
1684 3112 1686 3114 ,
2394 3125 2400 3130 1

562 3135 704 3192 3827.
741 3132 803 3178 Et
842 3132 1020 3180 fuerunt
1055 3134 1101 3180 in
1140 3135 1284 3182 oculis
1323 3133 1418 3199 ejus
1458 3135 1569 3183 ficut
1602 3134 1698 3182 dies
1727 3133 1874 3199 'aliqui
1907 3131 2186 3181 invamando
2223 3130 2303 3178 illo
2336 3144 2468 3187 eam,

491 3196 610 3258 quod
639 3196 863 3261 significet
887 3199 1049 3248 statum
1072 3201 1257 3260 amoriS,
1293 3201 1419 3266 quod
1443 3216 1613 3265 nempe
1637 3199 1805 3264 absque
1827 3200 1988 3258 taedio,
2025 3199 2200 3249 constat
2229 3212 2287 3310 οὲ(
2320 3195 2462 3310 {gni-

1554 3284 1582 3329 5
1611 3289 1614 3295 -
2278 3276 2331 3310 ‘ca
2356 3276 2462 3309 ione

2215 2813 2223 2825 P
