2904 3750
496 183 647 334 ‘518
997 218 1086 306 G
1176 241 1238 307 E
1328 239 1415 305 Ν
1502 238 1568 304 Ε
1659 234 1732 304 S'
1800 205 1997 306 Γᾶ.

508 366 798 432 cognoscitur
824 383 931 415 num
956 366 1199 430 conjunfta
1223 366 1341 425 sunt,
1380 366 1488 416 ficut
1512 367 1648 415 arbor
1670 382 1727 413 ex
1749 364 1898 414 fruCtu
1919 387 1934 422 3
1982 363 2024 413 se
2051 364 2190 416 habet
2212 365 2300 416 hoc
2322 366 2432 417 ficut
2453 361 2510 417 ul·

504 453 580 483 vae
597 438 640 485 in
664 436 823 499 quibus
849 433 956 481 nulli
985 435 1148 490 nuclei,
1176 449 1283 497 quae
1307 448 1413 480 cum
1442 433 1488 480 in
1514 445 1681 481 terram
1707 445 1939 497 utcunque
1968 431 2229 483 faecundam
2251 433 2519 484 demittun->

507 516 598 559 tur,
637 502 682 549 in
708 501 872 548 fimum
899 498 1172 554 fathiscunt3
1209 499 1259 545 ὅτ
1284 497 1328 547 se
1352 499 1490 548 habet
1514 500 1626 559 ficut
1649 499 1804 548 lumen
1828 497 2005 547 fatuum
2030 499 2186 558 noctu,
2223 500 2349 565 quod
2373 501 2507 549 veni-

458 565 460 568 ”
507 581 611 615 ente
646 567 736 616 sole
770 566 897 614 illico
920 566 1180 629 diflipatur:
1217 564 1294 612 sed
1335 566 1394 614 de
1419 565 1505 614 hac
1528 581 1577 616 re
1618 565 1766 630 plura,
1802 581 1858 614 ex
1883 565 2059 614 Divina
2090 566 2290 615 Domini
2314 566 2505 616 Miseri-

507 634 678 691 cordia,
715 633 761 680 in
788 632 1073 696 sequentibus
1097 631 1318 680 dicentur.
1642 675 1652 686 Ι
1707 680 1717 688 ,
1858 693 1863 696 ‚
2178 676 2183 679 r

575 705 633 763 38
643 716 667 762 3
676 716 719 762 5.
754 700 818 747 Et
840 699 970 746 dedit
993 698 1156 746 Laban
1194 697 1262 745 illi
1287 697 1467 762 Silpam
1491 697 1701 746 ancillam
1728 697 1852 747 suam
1877 699 1990 748 Leae
2012 697 2128 747 filiae
2149 699 2241 748 suae
2262 699 2504 756 ancillam,

507 767 632 830 quod
658 766 885 828 significet
907 777 1110 812 externas
1133 763 1418 821 affectiones,
1456 764 1531 812 seu
1566 775 1758 812 externa
1789 764 1989 821 vincula,
2026 781 2130 829 quae
2169 765 2340 815 media*
2365 765 2504 814 inser-

507 832 689 890 vientia,
725 830 895 879 constat
929 847 985 878 ex
1006 830 1341 894 fignificatione
1376 829 1573 888 ancillae,
1611 829 1737 894 quod
1775 829 1861 877 fint
1891 825 2157 879 affectiones
2184 843 2409 891 externae,
2443 831 2504 880 de

508 915 594 962 qua
619 916 670 945 n:
703 901 840 962 1895.
869 912 892 944 2
902 899 995 961 567
1016 918 1030 953 ;
1066 897 1191 962 quod
1215 896 1394 945 dederit
1414 897 1595 955 Laban,
1630 894 1863 959 fignificat
1886 895 2011 960 quod
2034 894 2124 944 fint
2145 896 2348 946 ex'bono
2372 913 2503 946 com-

512 964 663 1011 munis
686 963 834 1027 stirpis
859 964 1123 1021 collaterali,
1163 963 1270 1011 inde
1291 963 1418 1012 enim
1438 963 1547 1011 tales
1566 961 1830 1011 affectiones
1856 961 1987 1011 sunt:
2024 973 2255 1013 vocantur
2281 961 2374 1011 illae
2397 963 2501 1010 vin-

510 1030 608 1077 cula
631 1043 833 1086 externa,
871 1031 976 1093 quia
1000 1046 1163 1077 omnes
1186 1028 1453 1079 affefflones
1482 1028 1583 1077 sunt
1605 1028 1803 1085 vincula,
1840 1028 2058 1077 videatur
2093 1044 2152 1076 n:
2183 1044 2323 1093 1077.
2356 1030 2498 1078 1080.

516 1095 654 1158 1835.
682 1113 822 1160 1944,
859 1113 964 1143 nam
991 1097 1106 1144 nihil
1133 1096 1256 1144 aliud
1280 1108 1404 1144 tenet
1429 1095 1665 1144 hominem
1689 1100 1734 1142 in
1755 1095 1969 1152 vinculis,
2005 1110 2146 1160 quam
2165 1093 2351 1143 affectio
2373 1094 2503 1159 ejus3

511 1162 690 1209 affectio
714 1161 902 1224 cujusvis
927 1178 1018 1210 non
1042 1162 1232 1226 quidem
1257 1174 1447 1228 apparet
1473 1162 1513 1209 ei
1549 1174 1600 1210 ut
1622 1161 1874 1219 vinculum,
1911 1160 2150 1225 fedusque
2193 1160 2256 1208 ita
2293 1173 2499 1218 vocatur,

509 1244 567 1274 ex
589 1243 644 1275 eo
667 1228 791 1290 quod
817 1240 944 1291 regat
969 1229 1209 1277 hominem
1241 1244 1291 1276 ac
1317 1241 1468 1277 teneat
1494 1227 1621 1276 illum
1662 1227 1746 1275 fibi
1771 1226 2017 1281 νίηᾶιιηῖς
2054 1225 2319 1276 affeffiones
2342 1239 2499 1276 autem
2570 1257 2575 1260 -

511 1294 703 1340 internae
725 1308 942 1342 vocantur
964 1295 1149 1343 vincula
1174 1296 1366 1351 interna,
1402 1295 1512 1343 ficut
1533 1293 1802 1342 affectiones
1825 1293 1923 1343 veri
1962 1293 2013 1341 &
2037 1293 2148 1342 boni
2178 1292 2363 1342 vincula
2385 1296 2497 1342 con-

510 1360 741 1415 scientiae3
778 1361 847 1407 his
886 1361 1240 1426 correspondent
1277 1362 1458 1410 vincula
1496 1373 1681 1408 externa
1713 1359 1785 1408 seu
1821 1358 2091 1408 affeffflones
2130 1371 2351 1418 externae,
2389 1375 2518 1426 nam¹

511 1442 650 1472 omne
688 1427 914 1475 internum
952 1427 1089 1475 habet
1122 1427 1481 1493 correspondens
1512 1439 1786 1474 externum:
1843 1425 1951 1491 quia
1974 1441 2058 1490 per
2080 1438 2269 1474 externa
2291 1426 2500 1474 introdu-

510 1491 628 1539 citur
663 1492 823 1548 homo,
859 1493 936 1557 qui
976 1507 1284 1558 regeneratur,
1338 1493 1397 1542 ad
1431 1494 1627 1550 interna,
1661 1493 1712 1541 ὅτ
1745 1493 1821 1540 hic
1844 1493 1903 1541 de
1938 1493 2052 1541 statu
2077 1492 2156 1542 illo
2182 1492 2353 1556 agitur,
2390 1491 2498 1539 ideo

513 1558 586 1604 hic
622 1571 920 1616 memoratur,
972 1560 1096 1623 quod
1147 1560 1313 1608 ancilla
1357 1559 1561 1607 Labanis
1611 1558 1716 1606 data
1769 1559 1821 1606 fit
1855 1559 1970 1607 Leae
2013 1558 2122 1607 filiae
2175 1557 2224 1606 in
2266 1557 2498 1616 ancillam,
2539 1572 2543 1574 ‘

510 1623 675 1685 quibus
711 1624 1009 1686 significatur,
1046 1626 1171 1689 quod
1208 1625 1319 1672 tales
1341 1619 1607 1672 affe&iones
1630 1640 1735 1687 quae
1769 1640 1858 1689 pro
1882 1624 2050 1673 mediis
2086 1623 2358 1682 inserviunt,
2392 1640 2500 1688 quae

510 1690 631 1750 quod
668 1691 856 1737 extimae
889 1689 1074 1747 fuerint,
1124 1692 1279 1754 quales
1313 1689 1416 1738 sunt
1450 1689 1544 1736 illae
1577 1705 1681 1752 quae
1715 1701 1937 1737 vocantur
1969 1688 2232 1739 affectiones
2271 1689 2497 1753 corporis,

510 1767 636 1818 patet
671 1771 728 1802 ex
775 1770 832 1801 eo
854 1755 976 1817 quod
1013 1770 1096 1819 per
1123 1756 1270 1804 Leam
1309 1754 1693 1820 repraesententur
1727 1753 1988 1802 affeffiones
2023 1756 2119 1802 veri
2154 1754 2366 1803 externi:
2417 1753 2496 1801 sed

511 1820 569 1865 de
606 1820 678 1867 his
714 1835 911 1884 quoque,
952 1836 1009 1867 ex
1043 1821 1219 1870 Divina
1243 1821 1439 1869 Domini
1466 1819 1802 1878 Misericordia,
1841 1821 1972 1885 plura
2004 1819 2128 1869 alibi.
2255 1860 2269 1881 ὲ

579 1887 722 1955 3836.
761 1884 903 1933 Vers:
944 1901 967 1932 2
978 1903 1022 1947 5.
1053 1889 1130 1935 26.
1168 1889 1234 1935 Et
1245 1887 1343 1949 fuit
1365 1890 1410 1935 in
1433 1903 1568 1942 mane,
1606 1885 1662 1934 ΕΒ
1686 1901 1775 1932 ecce
1813 1887 1894 1933 illa
1916 1886 2057 1943 Leah,
2093 1885 2150 1935 &²
2183 1886 2300 1934 dixit
2322 1884 2384 1933 a'd
2400 1886 2494 1934 La-

509 1951 609 2009 ban,
646 1952 750 2014 quid
769 1951 844 1999 hoc
853 1952 999 2014 fecisti
1021 1953 1129 2000 mihi
1148 1969 1279 2001 nonne
1295 1965 1381 2015 pro
1405 1952 1594 2006 Rachele
1631 1950 1812 2012 firvivi
1845 1962 1938 1998 cum
1977 1962 2035 2009 te,
2061 1950 2127 2000 &²
2148 1968 2278 2018 quare
2296 1950 2494 2014 frauda-

494 2017 559 2074 sti
581 2021 678 2065 me?
748 2019 810 2065 Et
843 2018 955 2064 dixit
971 2019 1124 2066 Laban
1140 2040 1153 2074 3
1188 2035 1267 2066 non
1279 2021 1343 2082 fit
1375 2021 1443 2065 ita
1478 2021 1522 2065 in
1545 2018 1631 2064 loco
1654 2017 1808 2077 nostro,
1835 2016 1950 2065 -dare
1980 2021 2179 2066 minorem
2202 2029 2305 2066 ante
2327 2020 2493 2082 primo-

499 2086 710 2143 genitam.
780 2085 890 2130 Fuit
914 2083 958 2130 in
985 2099 1135 2141 mane,
1173 2086 1393 2146 fignificat
1418 2082 1768 2131 illustrationem
1815 2083 1862 2130 in
1907 2083 1986 2132 illo
2010 2082 2156 2131 statu:
2192 2084 2244 2131 &
2268 2098 2374 2132 ecce
2410 2084 2493 2133 illa

508 2149 655 2205 Leah,
701 2148 928 2211 fignificat
972 2150 1097 2213 quod
1137 2149 1400 2214 conjunclio
1425 2165 1531 2197 cum
1572 2163 1683 2196 vero
1718 2160 1936 2196 externo:
1981 2149 2177 2198 &dixit
2220 2151 2277 2197 ad
2308 2149 2491 2208 Laban,

505 2214 616 2275 quid
669 2215 756 2262 hoc
799 2214 941 2262 fecisti
985 2215 1115 2274 mihi,
1153 2216 1378 2279 fignificat
1415 2215 1819 2278 indignationem:
1858 2230 2010 2263 nonne
2027 2230 2120 2280 pro
2155 2216 2363 2263 Rachele
2402 2215 2493 2264 ser-

505 2280 599 2325 vivi
624 2296 737 2328 cumr
767 2293 828 2337 te,
865 2280 1088 2343 fignificat
1121 2283 1243 2345 quod
1269 2282 1467 2330 studium
1507 2281 1616 2329 effet
1653 2296 1743 2346 pro
1778 2279 2026 2329 affectione
2051 2282 2163 2335 ‚veri
2206 2281 2398 2329 interni:
2432 2282 2489 2345 ἃ·

503 2361 639 2405 quare
663 2345 878 2393 fraudasti
907 2363 994 2403 me,
1030 2347 1256 2411 fignificat
1281 2347 1648 2412 indignationem
1674 2345 1923 2408 maj0rem:
1962 2349 2010 2396 &
2034 2347 2148 2396 dixit
2176 2348 2357 2406 Laban‚
2393 2363 2489 2396 non

504 2411 559 2457 fit
594 2413 656 2459 ita
691 2411 737 2459 in
773 2412 878 2460 loco
914 2413 1086 2469 nostro,
1134 2414 1363 2477 fignificat
1396 2413 1521 2479 quod
1558 2429 1651 2461 non
1686 2412 1791 2460 talis
1823 2413 1878 2461 fit
1912 2412 2075 2462 status:
2111 2413 2219 2463 dare
2255 2414 2488 2463 minorem

503 2488 613 2551 ante·
651 2478 1025 2551 primogenitam,
1071 2479 1299 2543 significet
1345 2494 1397 2529 ut
1436 2479 1620 2528 affectio
1671 2479 1764 2528 veri
1806 2479 2039 2528 interioris
2076 2479 2309 2546 ,praecedat
2347 2478 2486 2528 affecss-

502 2554 614 2588 ttoni
650 2559 741 2590 ver1
780 2556 967 2592 externi.
2352 2584 2355 2586 >

539 2610 544 2613 ’
573 2613 716 2671 3837.
751 2608 860 2656 Fuit
893 2610 938 2656 in
969 2627 1118 2670 mane,
1155 2610 1282 2676 quod
1307 2611 1538 2677 significet
1563 2611 1916 2660 illustrationem
1950 2611 1996 2658 in
2031 2612 2112 2661 illo
2143 2612 2274 2671 statu,
2309 2609 2514 2669 constat'

502 2688 529 2719 a
552 2673 879 2735 fignificatione
904 2692 1053 2734 mane,
1091 2678 1214 2742 quod
1251 2677 1302 2724 fit
1338 2677 1595 2735 illustratio,
1635 2677 1693 2724 de
1728 2693 1818 2741 qua
1849 2693 1878 2725 n
1905 2695 1916 2725 ε
1945 2683 2088 2741 3458.
2111 2695 2258 2743 3723,
2295 2677 2487 2739 &quia

481 2753 642 2789 ,omne
668 2751 848 2803 tempus
870 2740 1096 2803 fignificat
1121 2742 1305 2801 statum,
1341 2760 1369 2790 n
1392 2761 1403 2790 ε
1432 2745 1574 2807 2625.
1602 2747 1746 2809 2788.
1774 2748 1918 2807 2837.
1937 2744 2481 2806 '3356,‘s1cetiam‘tem-

501 2819 586 2866 pus
610 2805 888 2852 matutinum
914 2806 984 2854 seu
1010 2823 1174 2854 mane:
1211 2808 1445 2857 illustratio
1468 2808 1643 2874 speetat
1676 2808 1726 2854 id
1760 2810 1885 2871 quod
1912 2824 2024 2855 mox
2058 2808 2274 2872 sequitur,
2310 2821 2480 2871 nempe

500 2868 626 2933 quod
650 2870 905 2931 agnoverit,
941 2872 1064 2934 quod
1090 2871 1354 2935 conjunctio
1380 2874 1522 2921 modo
1543 2874 1651 2920 effet
1664 2887 1778 2932 cum
1802 2887 1911 2919 vero
1939 2884 2147 2920 externo.
2173 2903 2197 2918 -.

569 2938 713 2997 3838.
749 2935 812 2982 Et
834 2949 938 2982 ecce
963 2937 1111 2994 Leah,
1146 2938 1270 3001 quod
1294 2937 1519 3001 fignificet
1551 2937 1680 3002 quod
1705 2927 1972 3001 conjunctio
1994 2953 2100 2985 cum
2133 2954 2246 2987 vero
2270 2949 2480 2998 externe,

498 3001 673 3048 constat
708 3017 735 3048 a
767 3000 1164 3064 repraesentatione
1197 3003 1325 3060 Leae,
1362 3003 1487 3068 quod
1525 3002 1581 3054 fit
1615 3000 1799 3050 affectio
1837 3003 1935 3050 veri
1973 3005 2168 3065 externi,
2203 3004 2263 3053 de
2284 3021 2375 3070 qua
2408 3022 2435 3053 n
2463 3023 2475 3053 :

502 3081 645 3130 3793.
668 3069 811 3131 3819,
846 3082 951 3115 cum
974 3083 1066 3133 qua
1088 3068 1214 3134 quod
1231 3067 1497 3132 conjunctio
1521 3068 1816 3133 fignificetur,
1843 3080 1985 3132 patet,
2022 3070 2129 3136 quia
2152 3072 2231 3121 illa
2253 3083 2349 3120 erat
2373 3086 2481 3136 quae

498 3148 587 3197 pro
607 3132 811 3183 Rachele
839 3132 945 3183 data
977 3146 1072 3184 erat
1102 3136 1151 3185 in
1186 3134 1462 3193 mulierem3
1496 3135 1610 3201 quid
1649 3134 1750 3185 haec
1788 3134 2041 3198 involvunt,
2077 3139 2285 3191 constare
2325 3136 2479 3252 potelkt²

2419 3219 2446 3251 a
