2904 3750
729 155 1679 256 CAPUT‘VIGEslMuM
1723 190 2146 265 SEXTUM.
2314 214 2446 279 319

435 324 1335 450 senisii?·1st{‡21{3;³¹}1e¹3¹13{5⁰53„3¹32³232
1356 321 2023 455 si‘gnffi'czfissffss‘zffifffqflffi
2044 326 2442 453 fi‘iuir‘ssrssfflfciss

429 481 606 528 quan:
635 480 779 528 3702·
807 461 950 526 3096.
979 474 1126 522 3424,
1172 456 1248 505 hie
1270 456 1480 504 Verbum
1526 457 1678 521 quo'ad
1719 455 1893 504 sensum
1936 457 2173 517 literalem,
2218 479 2323 509 narn
2365 464 2436 510 di-

431 533 566 588 citur,
602 530 727 595 quod
767 525 1036 575 transtulerit
1074 523 1255 580 exinde,
1292 524 1342 571 δε
1374 521 1542 572 foderit
1581 536 1775 587 puteum
1814 524 1974 581 alium,
2012 526 2061 572 &
2094 527 2221 589 quod
2259 531 2316 576 de
2357 530 2436 577 illo

429 611 523 645 non
563 597 692 644 rixati
725 594 827 650 fint,
863 607 944 656 per
975 607 1084 655 quae
1121 589 1398 654 significatur
1432 590 1509 638 ille
1546 589 1693 638 sensus
1715 591 1877 648 Verbi,
1913 593 1994 655 qui
2033 594 2229 641 exterior
2267 595 2346 652 est,
2382 598 2431 644 &

426 679 566 727 quem
606 678 699 709 non
734 671 919 722 negant,
970 659 1053 723 qui
1090 657 1235 705 sensus
1274 657 1354 716 est,
1408 658 1488 722 qui
1535 656 1717 705 literalis
1754 669 1958 705 vocatur.
2043 658 2205 706 Sensus
2252 661 2431 710 literalis

425 729 567 778 Verbi
605 727 670 775 est
706 726 887 789 triplex,
940 741 1106 788 nempe
1129 724 1417 786 Historicus,
1444 724 1760 789 PropheticuS,
1797 726 1843 771 &
1871 724 2162 783 Doc‘trinalis‚
2199 727 2432 791 unusquis-

421 812 512 860 que
533 793 598 843 est
617 793 716 841 talis
739 805 792 840 ut
814 793 915 856 capi
949 793 1084 855 poflit
1114 792 1252 839 etiam
1286 791 1344 839 ab
1375 791 1462 839 illis
1496 792 1577 855 qui
1614 793 1659 838 in
1702 794 1897 838 externis
1937 791 2051 839 sunt.
2123 794 2248 840 Cum
2273 795 2430 842 Verbo

418 866 480 911 ita
502 860 544 909 se
566 860 729 917 habet3
767 854 1098 923 Antiquiffimo
1134 871 1357 923 ternpore,
1393 857 1581 923 quando
1604 858 1805 906 Ecclesia
1827 858 2038 906 Coelestis
2072 858 2177 917 fuit,
2214 877 2306 908 non
2331 860 2428 910 fue-

415 930 484 978 ra't
505 926 733 984 Verbum,
781 926 926 974 homo
963 926 1086 974 enim
1127 925 1247 972 illius
1286 924 1504 974 Ecclefiae
1542 924 1699 972 habuit
1722 925 1930 972 Verbum
1971 926 2185 974 cordibus
2232 927 2318 974 suis
2359 930 2428 976 in·
2483 950 2489 955 ·

413 997 663 1059 scriptum;
700 994 932 1042 Dominus
967 993 1091 1040 enim
1128 991 1395 1040 immediate
1429 1008 1512 1056 per
1547 991 1737 1040 Coelum
1776 992 1877 1040 illos
1913 992 2073 1053 docuit
2107 994 2221 1057 quid
2247 993 2425 1043 bonum

413 1067 466 1114 &
499 1061 605 1109 inde
634 1061 747 1126 quid
781 1076 965 1117 verum,
999 1061 1050 1108 δε
1073 1058 1202 1108 dedit
1223 1058 1585 1123 illismtrumque
1607 1061 1837 1123 percipere
1859 1075 1917 1106 ex
1940 1075 2094 1107 amore
2118 1063 2167 1109 ὅτ,
2191 1061 2423 1119 charitate,

380 1166 382 1168 -
413 1131 465 1178 &
495 1129 603 1176 sc'ire
634 1144 691 1176 ex
728 1127 1034 1182 revelatione;
1079 1125 1345 1191 ipfissimum
1371 1125 1581 1173 Verbum
1605 1125 1714 1173 .illis
1750 1123 1839 1172 fuit
1868 1127 2128 1175 Dominus:
2167 1127 2275 1175 Post
2309 1128 2441 1190 hanc-

411 1195 662 1244 Ecclesiam
691 1193 890 1241 succeffit
930 1193 1029 1249 alia,
1064 1208 1171 1257 quae
1211 1208 1304 1240 non
1343 1192 1537 1241 coelestis
1581 1190 1656 1239 sed
1697 1191 1935 1255 spiritualis
1975 1191 2081 1250 fuit,
2117 1194 2219 1242 haec
2252 1196 2420 1259 princi·

410 1265 493 1327 pio
525 1278 619 1309 non
654 1260 812 1308 habuit
835 1259 1039 1307 Verbum
1072 1258 1214 1315 aliud,
1250 1275 1388 1323 quam
1423 1259 1550 1324 quod
1590 1259 1647 1306 ab
1667 1259 2007 1322 Antiquiffimis
2040 1260 2286 1309 colleftum
2312 1260 2417 1320 fuit,

410 1330 500 1377 hoc
540 1326 980 1392 Repraesentativum
1021 1338 1114 1374 erat
1152 1327 1365 1384 Domini,
1399 1342 1451 1373 ac
1481 1325 1833 1390 significativum
1868 1327 2022 1389 Regni
2047 1327 2206 1391 Ipsius,
2244 1330 2307 1376 ita
2330 1329 2419 1378 illis

407 1393 498 1443 fuit
536 1394 696 1442 Sensus
735 1395 942 1442 Internus
982 1392 1129 1458 ipsum
1154 1392 1398 1449 Verbum;
1433 1393 1562 1457 quod
1590 1393 1726 1440 etiam
1750 1391 1959 1440 Verbum
1996 1391 2213 1458 scriptum
2251 1394 2419 1444 habue-

315 1479 318 1482 ·
407 1463 515 1519 rint,
552 1476 645 1510 tam
671 1460 961 1509 Historicum
994 1475 1135 1524 quam
1159 1460 1505 1523 Propheticum‚
1541 1460 1667 1524 quod
1691 1460 2006 1524 amplius'non
2030 1460 2185 1518 exstat,
2221 1461 2271 1509 ὅτ
2288 1463 2416 1526 quod

406 1529 454 1575 in
475 1529 553 1576 illo
574 1528 777 1591 similiter
799 1526 944 1574 sensus
967 1528 1168 1574 internus
1190 1524 1344 1583 fuerit,
1381 1529 1462 1590 qui
1493 1525 1535 1573 se
1568 1525 1781 1573 referebat
1815 1526 1872 1573 ad
1901 1528 2175 1584 Dominum,
2211 1529 2419 1576 videatur

404 1610 467 1642 n:
497 1595 659 1650 2686;
712 1594 816 1640 inde
855 1593 1064 1655 sapientia
1106 1591 1226 1638 illius
1266 1593 1486 1655 temporis
1526 1591 1614 1639 fuit
1651 1593 1702 1639 &
1736 1591 1863 1656 loqui
1904 1594 1953 1640 &
1994 1592 2180 1642 scribere
2224 1610 2307 1658 per
2347 1612 2412 1643 re·

399 1660 716 1724 praesentativa
746 1661 795 1706 ὅτ
830 1659 1144 1722 significativa,
1182 1659 1299 1704 intra
1321 1657 1570 1705 Ecclesiam
1605 1658 1662 1705 de
1703 1658 1834 1705 rebus
1858 1659 2060 1716 Divinis,
2096 1661 2146 1708 δε
2169 1674 2296 1708 extra
2319 1661 2413 1709 Ec·

399 1726 577 1776 clefiam
616 1727 673 1775 de
714 1725 845 1773 rebus
876 1725 990 1781 aliis,
1026 1737 1079 1771 ut
1113 1736 1237 1788 patet
1275 1722 1332 1771 ab
1371 1726 1665 1788 antiquorum
1704 1725 1890 1772 illorum
1931 1724 2122 1789 scriptis,
2159 1743 2264 1790 quae
2287 1729 2412 1791 apud

398 1809 512 1842 nos:
550 1792 841 1842 sedsucceffu
875 1793 1110 1855 temporis,
1147 1791 1223 1838 illa
1246 1790 1457 1854 sapientia
1475 1793 1624 1855 periit,
1661 1790 1801 1855 usque
1824 1791 2009 1839 tandem
2048 1804 2100 1840 ut
2135 1809 2225 1840 non
2252 1793 2410 1843 scirent

398 1860 526 1922 quod
549 1861 711 1922 aliquis
735 1859 878 1906 sensus
903 1859 1120 1914 internus,
1157 1860 1293 1906 etiam
1333 1859 1379 1905 in
1410 1858 1564 1906 Libris
1586 1857 1729 1906 Verbi
1764 1859 1915 1906 inesset
1935 1881 1949 1914 ;
1987 1860 2176 1920 Judaica
2201 1861 2250 1908 δε
2274 1860 2408 1908 Israe-

399 1924 521 1973 litica
556 1941 668 1989 gens
704 1937 797 1973 erat
835 1924 951 1981 talis,
988 1924 1087 1972 haec
1110 1925 1318 1973 Verbum
1343 1926 1672 1990 Propheticum
1709 1924 1910 1973 sanctum
1935 1926 2090 1973 habuit
2113 1943 2171 1974 ex
2202 1944 2256 1974 eo
2279 1929 2408 1991 quod

397 1992 665 2055 Antiquum
687 1990 875 2047 sonaret,
913 1991 962 2037 &
986 1990 1178 2051 Jehovae
1199 2007 1370 2039 nomen
1393 1994 1440 2039 in
1465 1991 1587 2040 sensu
1620 1993 1764 2040 literae
1785 1992 1990 2040 audirent
2010 2014 2024 2049 3
2061 2009 2153 2041 non
2178 1995 2407 2044 credentes

394 2058 522 2121 quod
555 2057 742 2121 aliquod
768 2058 994 2105 Divinum
1034 2056 1169 2104 altius
1200 2056 1262 2104 ibi
1301 2059 1590 2106 reconditum
1626 2059 1818 2115 lateret·,
1853 2059 1994 2106 Orbis
2019 2059 2299 2108 Christianus
2323 2078 2406 2110 nec

392 2125 581 2181 sanctius
606 2125 663 2172 de
687 2123 843 2172 Verbo
863 2124 1048 2187 cogitat.
1118 2122 1303 2171 Exinde
1326 2124 1527 2172 constare
1549 2125 1713 2188 potest,
1748 2127 1989 2190 quomodo
2012 2125 2224 2192 sapientia
2256 2127 2404 2176 succe-

392 2191 529 2240 dente
555 2204 761 2255 tempore
797 2190 855 2238 ab
886 2190 1058 2238 intimis
1098 2188 1310 2238 secesserit
1345 2189 1403 2237 ad
1439 2191 1627 2248 extima,
1670 2192 1721 2239 ὅτ,
1764 2192 1908 2239 homo
1947 2192 1990 2240 se
2029 2211 2054 2241 a
2089 2194 2213 2241 coelo
2250 2211 2401 2243 remo-

392 2259 526 2315 verit,
562 2259 611 2307 δι
652 2257 836 2306 tandem
877 2256 1162 2306 descenderet
1201 2255 1340 2320 usque
1379 2257 1438 2306 ad
1477 2270 1610 2305 terrae
1649 2257 1907 2322 pulverem,
1961 2261 2008 2306 in
2044 2258 2139 2323 quo
2175 2277 2297 2308 nunc
2337 2261 2399 2309 sa-

391 2323 609 2387 pientiam
650 2325 793 2388 ponit.
865 2324 987 2386 Qiia
1025 2325 1086 2371 ita
1124 2323 1167 2371 se
1204 2323 1362 2372 habuit
1400 2340 1509 2372 cum
1531 2324 1706 2382 Verbo,
1750 2340 1916 2387 nempe
1950 2326 2079 2388 quod
2117 2323 2212 2388 ejus
2253 2327 2398 2376 sensus

391 2391 593 2439 internus
631 2390 867 2439 succeffive
903 2390 1165 2438 obliteratus
1200 2389 1271 2447 fit,
1306 2391 1358 2439 δε
1379 2390 1516 2439 hodie
1538 2391 1601 2438 ita
1623 2402 1676 2438 ut
1699 2389 1918 2438 nesciatur
1939 2391 2066 2454 quod
2090 2391 2159 2449 fit,
2196 2409 2305 2439 cum
2330 2406 2396 2441 ta-

389 2473 498 2505 men
535 2458 610 2505 ille
647 2457 712 2506 est
751 2457 1019 2522 ipsissimum
1041 2456 1250 2505 Verbum
1289 2456 1339 2504 in
1374 2473 1471 2522 quo
1492 2457 1722 2507 Divinum
1745 2458 1973 2522 proxime,
2010 2457 2115 2506 ideo
2136 2457 2274 2506 status
2297 2458 2393 2524 ejus

388 2524 618 2572 succeffivi
640 2526 688 2572 in
710 2524 798 2572 hoc
823 2525 984 2588 Capite
1006 2521 1332 2572 describuntur.

454 2607 599 2655 3433.
635 2591 702 2639 Et
724 2594 910 2638 vocavit
932 2606 1100 2639 nornen
1121 2588 1217 2654 ejus
1234 2589 1527 2648 Rechoboth,
1560 2591 1690 2655 quod
1710 2591 1932 2655 significet
1954 2590 2086 2654 quale
2110 2591 2215 2639 inde
2237 2593 2391 2656 quoad

384 2673 564 2715 verum,
615 2657 789 2706 constat
827 2673 883 2706 ex
920 2656 1246 2722 significatione
1286 2671 1446 2719 vocare
1491 2674 1678 2715 nomen,
1729 2658 1858 2722 quod
1901 2657 1955 2705 sit
1999 2658 2145 2722 quale,
2199 2660 2258 2706 de
2299 2676 2390 2723 qua

383 2740 444 2773 n:
476 2743 583 2786 144.
606 2742 714 2789 145.
737 2740 875 2790 1754·
902 2724 1040 2791 1896.
1062 2741 1206 2790 2009.
1234 2740 1378 2788 ²724·
1407 2725 1550 2788 3006.
1578 2741 1701 2788 3421
1727 2746 1743 2781 ·,
1792 2725 1841 2772 &
1882 2740 1907 2771 a
1944 2724 2269 2788 significatione
2294 2727 2387 2774 Re-

382 2791 599 2850 choboth,
634 2792 764 2856 quod
787 2791 873 2839 sint
892 2806 1015 2849 vera,
1050 2789 1325 2838 Rechoboth
1357 2792 1482 2839 enim
1521 2792 1567 2839 in
1605 2792 1763 2857 lingua
1799 2791 2009 2855 originali
2041 2790 2263 2855 fignificat
2286 2793 2386 2841 lati-

382 2858 577 2972 ἕυάἱηείῖ,
612 2859 661 2908 &
686 2858 814 2924 quod
836 2857 1096 2907 latitudines
1119 2859 1166 2906 in
1187 2855 1312 2906 sensu
1336 2858 1514 2907 interno
1540 2858 1678 2907 Verbi
1703 2858 1788 2907 smt
1810 2874 1931 2915 vera,
1967 2874 2029 2908 n:
2062 2859 2202 2923 1613,
2238 2858 2383 2908 osten·

401 2940 521 2973 ume
563 2960 574 2973 .

450 3009 596 3056 3434.
639 2992 707 3040 Et
736 2992 870 3050 dixit,
913 2992 1021 3056 quia
1059 3007 1180 3043 nunc
1218 2991 1392 3040 dilatari
1438 2989 1545 3041 facit
1578 2991 1788 3054 Jehovah
1826 3008 1935 3050 nos,
1987 2992 2115 3056 quod
2159 2992 2382 3056 significet

379 3056 653 3107 incrementa
679 3060 778 3108 veri
803 3059 935 3118 inde,
970 3059 1144 3108 constat
1180 3076 1208 3107 a
1242 3059 1570 3124 significatione
1594 3059 1886 3117 Latitudinis‚
1937 3058 2064 3123 quod
2107 3058 2160 3106 fit
2200 3076 2379 3116 verum,

380 3122 437 3172 de
459 3139 550 3188 qua
571 3141 682 3175 mox
702 3123 833 3190 supra
850 3143 910 3178 n:
937 3142 1086 3193 3433,
1121 3125 1226 3178 inde
1248 3126 1427 3178 dilatari
1449 3126 1514 3175 est
1540 3128 1815 3179 incrementa
1837 3126 1932 3175 veri
1961 3127 2175 3190 accipere.

2235 3206 2377 3255 3435·
