2904 3750
642 275 646 279 ,
700 224 1036 288 CAPUT
1079 221 1649 286 VIGESIMUM
1694 221 2115 288 SEXTUM.
2278 247 2414 312 335
2488 214 2492 218 ’

400 360 674 427 adjunftum
708 362 833 412 bono
867 358 1071 416 naturali,
1108 359 1166 406 de
1187 374 1283 422 quo
1307 357 1381 407 hic
1404 360 1555 422 agitur
1575 381 1592 415 ;
1629 359 1679 406 &
1701 373 1758 405 ex
1778 358 2167 422 repraesentatione
2187 362 2416 424 Jehudith

403 430 488 477 filii
513 431 639 478 Beeri
663 431 868 485 Chittaei‚
906 431 952 476 &
980 425 1214 474 Basemath
1254 424 1363 473 filiae
1385 425 1776 480 Elonis.Chittaei,
1812 425 1939 488 quod
1963 426 2016 472 sit
2040 442 2198 475 verum
2232 430 2418 477 aliunde
2460 422 2467 430 ’

398 513 544 559 quam
581 513 639 544 ex
661 495 758 563 ipso
789 495 1020 559 genuino;
1057 490 1244 539 Chittaei
1268 492 1392 538 enirn
1426 502 1551 538 erant
1574 492 1690 538 inter
1714 503 1871 554 gen-tes
1894 491 2058 555 probas
2082 510 2188 556 quae
2217 497 2262 542 in
2300 509 2415 544 terra

400 564 627 619 Canaane,
662 561 786 626 apud
807 575 919 623 quas
942 558 1170 606 habitabat
1194 557 1450 614 Abraham,
1485 557 1536 605 ὅτ
1561 574 1586 605 a
1608 557 1774 622 quibus
1799 557 2059 623 speluncam
2083 561 2341 624 Machpelae
2365 566 2412 611 in

401 627 688 692 sepulchrum
718 627 848 682 emit,
884 625 1019 673 Gen:
1046 640 1179 671 xxm
1204 632 1215 672 ε’
1242 642 1267 690 3
1294 624 1351 671 ad
1376 625 1440 672 fin
1465 645 1480 679 ;
1524 625 1572 672 δε
1610 640 1691 689 per
1728 640 1839 688 quas
1872 624 2212 689 repraesentatur
2234 628 2296 675 ibi
2318 630 2409 677 Ec-

397 695 529 747 clesia
551 693 788 758 spiritualis
811 693 928 739 inter
950 704 1126 756 gentes,
1159 692 1367 739 videatur
1392 708 1420 738 n
1442 709 1452 738 :
1481 708 1542 758 29
1554 702 1624 755 1'3.
1653 692 1800 756 2986,
1835 707 1943 755 quae
1965 692 2165 740 Ecclesia
2187 696 2295 758 quia
2317 711 2409 744 non

398 762 447 808 in
476 776 586 808 vero
613 759 677 807 est
708 775 767 807 ex
788 758 962 815 Verbo,
998 775 1079 823 per
1101 757 1283 806 eosdem
1310 759 1584 822 significatur
1600 759 1777 805 Verum
1812 775 1905 805 non
1943 775 2002 806 ex
2042 759 2138 822 ipso
2171 763 2405 824 genuin03

394 843 509 892 gens
545 827 667 874 enirn
707 842 815 890 quae
850 826 1101 878 Ecclesiam
1145 824 1447 889 repraesentat,
1483 826 1620 872 etiam
1659 825 1883 889 fignificat
1919 841 2082 873 verum
2123 828 2171 874 &
2214 827 2406 887 bonum,

390 893 527 958 quale
561 893 624 941 est
658 892 895 950 Ecclefiae,
931 908 1036 940 narn
1061 892 1261 953 Ecclesia
1299 907 1357 939 ex
1395 907 1506 941 vero
1542 892 1592 939 δε
1627 891 1750 939 bono
1781 891 1845 939 est
1868 892 2080 949 Ecclesia,
2116 909 2224 941 cum
2261 897 2407 958 itaque

394 960 471 1008 illa
494 960 678 1018 dicitur,
715 958 984 1023 intelligitur
1013 959 1118 1016 hoe,
1155 961 1209 1006 ὅτ,-
1237 975 1346 1006 cum
1389 957 1699 1016 hoc-dicitur,
1739 958 2006 1023 intelligitur
2028 959 2115 1007 illa.
2186 962 2312 1009 Cum
2336 963 2405 1012 his

393 1027 457 1077 ita
497 1027 539 1075 se
577 1027 726 1085 habet,
763 1026 939 1074 bonum
973 1027 1069 1073 veri
1106 1025 1322 1084 naturale,
1373 1042 1465 1073 non
1497 1025 1561 1073 est
1595 1026 1770 1075 bonum
1808 1024 2048 1090 spirituale,
2084 1027 2173 1075 hoc
2200 1028 2284 1085 est,
2321 1028 2403 1078 bo-

390 1109 505 1141 num
542 1094 650 1141 fidei
680 1095 728 1141 δε
759 1092 935 1141 bonurn
969 1093 1211 1150 charitatiS‚
1245 1105 1486 1156 antequam
1522 1090 1821 1147 reformatum
1862 1092 1949 1148 fit3
1986 1091 2162 1145 b'onurn
2202 1091 2414 1147 naturale=

389 1159 456 1208 est
493 1176 519 1207 a
557 1160 835 1224 parentibus,
871 1172 923 1207 ut
963 1175 1076 1207 mox
1110 1158 1242 1223 supra
1278 1176 1338 1207 n:
1368 1160 1499 1223 3469
1522 1159 1718 1216 dictum,
1753 1158 1828 1206 sed
1862 1158 2039 1207 bonum
2074 1160 2298 1224 spirituale
2334 1162 2402 1211 est

388 1243 415 1274 a
438 1227 646 1276 Domino
666 1250 680 1283 ;
716 1238 994 1291 quapropter
1011 1226 1152 1273 homo
1176 1238 1228 1273 ut
1258 1225 1432 1273 bonum
1455 1226 1682 1289 spirituale
1704 1226 1910 1290 accipiat,
1946 1228 2276 1290 regenerandus
2301 1229 2397 1288 est;

387 1293 478 1346 hoc
513 1293 628 1347 dum
660 1293 730 1351 fit,
766 1291 1083 1363 adjunguntur
1119 1293 1160 1340 ei
1198 1294 1405 1357 primum
1445 1307 1552 1340 vera
1587 1292 1767 1343 aliunde
1804 1309 1943 1357 quam
1977 1309 2036 1342 ex
2058 1293 2156 1360 ipso
2177 1297 2396 1361 genuine,

387 1375 497 1423 quae
531 1355 634 1408 talia
673 1356 791 1418 sunt,
827 1372 880 1407 ut
919 1376 1009 1407 non
1050 1358 1320 1416 adhaereant‚
1357 1359 1432 1406 sed
1472 1359 1618 1407 modo
1652 1359 1890 1407 inserviant
1927 1375 2014 1424 pro
2050 1362 2211 1410 mediis
2238 1363 2398 1413 'intro-

389 1427 586 1480 ducendi
658 1429 834 1485 enuina,
870 1439 978 1496 quae
1017 1442 1126 1480 cum
1163 1426 1421 1479 introducta
1458 1425 1574 1487 sunt,
1610 1438 1720 1474 tunc
1760 1441 1866 1474 vera
1905 1442 1998 1475 non
2036 1429 2235 1496 genuina
2273 1429 2397 1495 sepa--

388 1506 578 1550 rantur3
632 1497 656 1540 e*
679 1493 813 1542 habet
835 1493 923 1541 hoc
947 1493 1059 1540 ficut
1089 1489 1212 1557 apud
1245 1509 1425 1557 puero&
1477 1493 1525 1540 hi
1554 1493 1759 1557 primum
1797 1493 2049 1541 addiscunt*
2074 1494 2221 1559 plura,
2255 1499 2392 1544 etiam

387 1560 554 1616 inania,
590 1560 703 1607 ficut
726 1559 888 1608 lusoria
908 1561 959 1607 ὅτ,
983 1559 1158 1615 nmilia,
1192 1575 1287 1613 noo
1324 1573 1381 1613 ut
1413 1575 1464 1612 ea
1499 1557 1666 1615 faciant
1706 1559 1807 1614 illos
1845 1559 2008 1624 sapere,
2045 1559 2119 1608 sed
2143 1573 2196 1609 ut
2216 1578 2392 1627 praepa-

385 1639 487 1674 rent
526 1628 648 1674 viam
689 1626 745 1672 ad
777 1625 1090 1688 recipiendum
1122 1625 1248 1672 utilia
1279 1641 1387 1688 quae
1417 1623 1663 1688 sapientiae,
1699 1625 1865 1688 quibus
1909 1628 2101 1691 receptis
2140 1627 2394 1692 separantur

382 1692 474 1750 illa,
510 1693 608 1745 imo
643 1690 939 1756 rejiciuntur-5
979 1690 1048 1739 vel
1072 1690 1184 1747 ficut
1206 1690 1249 1739 se
1268 1690 1405 1745 habet
1427 1706 1538 1745 cum
1559 1690 1801 1750 fruffibus,
1833 1692 1914 1806 ‚gui
1951 1695 2158 1764 primum
2197 1695 2393 1760 implen-

312 1790 314 1795 ι
382 1770 462 1813 tur
492 1758 628 1814 succo
665 1775 836 1822 amam,
879 1772 1123 1823 antequam
1158 1758 1343 1829 poffimt
1379 1758 1575 1824 recipere
1609 1757 1795 1813 succum
1853 1758 2038 1820 ¹illectu,
2088 1776 2266 1813 amarus
2301 1762 2393 1821 ille,

382 1826 465 1889 qui
494 1842 588 1881 non
620 1825 685 1880 est
719 1826 962 1896 genuinus,
996 1824 1062 1878 est
1100 1825 1307 1880 medium
1340 1825 1661 1881 introducendi
1697 1825 1900 1884 dulcem,
1987 1842 2048 1874 uo
2087 1827 2278 1879 intrante
2319 1830 2391 1880 ille

384 1890 648 1954 &stipatum
682 1893 743 1945 ita
765 1891 949 1960 quoque
972 1890 1014 1938 se
1039 1890 1171 1945 habet
1189 1908 1302 1947 cum
1324 1892 1512 1945 naturali
1535 1892 1752 1950 hominis,
1787 1908 1895 1947 cum
1926 1892 1955 1940 il
1977 1893 2039 1940 ud
2074 1908 2389 1956 regeneratum

383 1956 559 2006 bonum
599 1960 723 2009 enim
764 1958 962 2012 naturale
1000 1956 1066 2004 est
1099 1957 1201 2015 tale,
1251 1960 1382 2028 quod
1417 1975 1476 2015 ex
1512 1958 1557 2007 se
1600 1975 1692 2015 non
1732 1959 1917 2008 obedire
1949 1961 2000 2011 ἅτ
2039 1959 2249 2009 inservire
2279 1964 2391 2015 velit

382 2024 586 2077 rationali
610 2037 662 2072 ut
685 2023 834 2071 servus
858 2023 1067 2081 domino,
1102 2022 1176 2079 sed
1200 2025 1327 2088 quod
1349 2025 1461 2073 velit
1497 2026 1715 2091 imperare
1736 2047 1750 2082 ς
1787 2039 1840 2083 ut
1862 2036 2013 2077 autem
2037 2027 2094 2074 ad
2117 2027 2389 2093 obsequium

383 2093 433 2139 &
456 2089 734 2139 famulitium
759 2092 1005 2154 redigatur,
1042 2105 1122 2154 per
1159 2089 1298 2139 status
1328 2090 1586 2139 vastationis
1620 2093 1674 2145 ,ἃ
1712 2095 1973 2142 tentationis
2005 2107 2212 2152 vexatur,
2248 2097 2389 2161 usque

381 2157 499 2209 dum
534 2157 911 2222 concupiscentiae
948 2155 1045 2220 ejus
1085 2155 1386 2221 languescant,
1421 2159 1472 2205 &
1506 2168 1619 2207 tunc
1656 2173 1738 2221 per
1773 2159 2001 2212 influxum
2043 2160 2151 2210 boni
2193 2162 2300 2212 fidei
2335 2165 2386 2218 ἃς

372 2223 606 2278 charitatis
644 2241 728 2289 per
764 2224 998 2278 Internum
1030 2223 1268 2276 hominem
1301 2240 1326 2272 a
1344 2224 1555 2279 Domino
1577 2235 1870 2288 temperatur,
1907 2225 2047 2288 usque
2067 2227 2185 2280 dum
2209 2229 2386 2283 bonum

289 2289 293 2294 ’
373 2289 663 2342 ,hereditario
702 2303 943 2354 acceptum
983 2306 1066 2360 per
1105 2291 1274 2353 gradus
1312 2289 1598 2355 exstupetur,
1634 2292 1684 2343 &
1712 2306 1891 2343 novum
1924 2291 2027 2342 loco
2061 2290 2156 2356 ejus
2187 2294 2384 2359 implan-

378 2366 515 2413 tetur‚
551 2357 599 2405 in
637 2357 726 2412 hoc
766 2370 878 2410 tunc
917 2372 1022 2404 vera
1058 2357 1166 2409 fidei
1202 2356 1496 2414 insinuantur,
1565 2373 1638 2412 uae
1671 2355 1715 2404 se
1755 2357 1920 2407 habent
1958 2357 2073 2411 sicut
2094 2375 2230 2407 novae
2253 2361 2384 2409 fibrae

379 2422 426 2472 in
464 2437 544 2476 cor
581 2423 797 2481 hominis,
831 2439 914 2493 per
948 2438 1061 2487 quas
1100 2421 1258 2477 succus
1293 2438 1443 2477 novus
1482 2424 1529 2477 in
1550 2435 1688 2480 ertur,
1737 2422 1877 2487 usque
1917 2422 2031 2470 dum
2072 2441 2248 2476 novum
2285 2443 2381 2484 cor,

381 2504 462 2553 per
497 2490 620 2541 vices
653 2488 950 2546 succreverit·,
999 2506 1104 2537 vera
1141 2506 1247 2553 quae
1286 2491 1493 2554 primum
1532 2488 1803 2554 inferuntur,
1853 2506 1944 2537 non
1985 2489 2166 2554 possunt
2210 2508 2266 2539 ex
2302 2510 2381 2557 ge·

381 2555 522 2603 nuino
559 2553 683 2604 fonte
713 2557 811 2614 effe,
847 2559 954 2619 quia
993 2555 1111 2603 mala
1150 2557 1199 2604 &
1234 2553 1336 2607 falsa
1373 2556 1418 2602 in
1455 2555 1580 2604 bono
1618 2557 1758 2621 priori
1797 2554 1872 2603 seu
1913 2556 2097 2603 naturali
2139 2556 2256 2616 sunt,
2306 2559 2379 2608 secl

377 2622 480 2669 talia
518 2622 640 2690 quasi
682 2638 787 2673 vera
825 2622 897 2675 seu
937 2622 1044 2672 tales
1084 2623 1177 2674 veri
1213 2623 1501 2686 apparentiae,
1535 2639 1646 2686 quae
1685 2638 1795 2669 eum
1837 2625 2046 2686 genuinis
2082 2626 2198 2684 veris
2235 2626 2379 2674 affini—

374 2700 514 2740 tatem
554 2688 782 2752 quandam
821 2689 1003 2745 habent,
1039 2704 1119 2753 per
1148 2691 1254 2752 quas
1293 2688 1526 2752 paullatim
1554 2687 1709 2754 'datur
1738 2690 1872 2752 copia
1905 2689 1954 2736 δε
1991 2689 2120 2738 locus
2157 2691 2260 2755 ipsis
2299 2709 2379 2757 ge-

378 2756 528 2802 nuinis
564 2755 683 2803 veris
720 2756 761 2802 se
798 2754 1080 2811 insinuandi»,
1117 2755 1290 2809 bonum
1313 2757 1569 2819 genuinum
1598 2755 1663 2804 est
1695 2755 1819 2819 quasi
1854 2755 2034 2820 sanguis
2064 2758 2112 2808 in
2137 2758 2267 2815 vasis,
2301 2772 2382 2809 aut

376 2820 498 2880 quasi
539 2821 694 2873 succus
733 2825 781 2870 in
822 2821 963 2879 fibris,
995 2837 1046 2869 ac
1083 2821 1212 2874 ducit
1248 2823 1298 2870 δι
1331 2822 1531 2886 applicat
1563 2838 1668 2874 vera
1700 2823 1747 2873 in
1784 2821 2016 2880 formam3
2052 2822 2227 2873 bonum
2251 2826 2379 2889 quod

377 2885 437 2932 sic
474 2884 698 2936 {bttuatur
735 2890 781 2938 in
820 2888 1014 2940 naturali
1043 2887 1115 2943 stu
1155 2900 1345 2940 externo
1380 2888 1586 2948 homine,
1619 2888 1685 2936 est
1719 2905 1987 2946 commune,
2030 2890 2153 2954 quasi
2193 2906 2378 2946 contex-

378 2961 478 3004 tum
519 2951 592 3007 seu
628 2956 956 3010 §micinnatur'n
991 2970 1020 3005 a
1091 2954 1402 3006 articularibus
1439 2956 1490 3005 ὅτ
1529 2955 1831 3020 singularibus
1869 2954 1975 3003 boni
2016 2955 2252 3021 spiritualis
2299 2975 2379 3022 per

377 3018 634 3075 rationalem
674 3020 744 3073 seu
787 3023 1016 3073 internum
1055 2971 1291 3074 {ominem
1330 3037 1355 3071 a
1385 3021 1611 3079 Domino,
1646 3023 1745 3083 Qui
1778 3021 1895 3070 solus
1933 3020 2101 3070 format
2132 3024 2183 3071 ὅτ
2206 3040 2231 3070 e
2254 3040 2378 3073 novo

376 3094 495 3129 creat
516 3086 530 3137 ⁴,
567 3085 670 3132 inde
692 3087 774 3144 est,
830 3088 925 3142 uod
947 3088 1172 3142 Dominus
1197 3090 1329 3141 toties
1353 3088 1400 3134 in
1417 3088 1570 3139 Verbo
1593 3088 1771 3135 dicatur
1795 3086 2015 3136 formator
2038 3090 2086 3135 &
2105 3089 2303 3136 Creator.

446 3166 504 3212 34
515 3165 587 3212 71.
625 3147 771 3210 Qod
796 3104 993 3201 {ierunt
1030 3153 1287 3201 amaritudo
1330 3153 1509 3217 spiritus
1539 3153 1754 3215 Jischako
1793 3155 1842 3201 δε
1881 3155 2124 3211 Rebeccae,
2158 3155 2378 3218 significet

367 3214 501 3278 ‚quod
526 3214 628 3262 inde
652 3217 855 3278 primum
880 3217 1028 3276 dolor,
1063 3219 1234 3267 constat
1257 3234 1315 3267 ex
1337 3219 1660 3281 fignificatione
1692 3219 2001 3268 amaritudinis
2024 3218 2217 3285 spirituS,
2252 3220 2378 3284 quod

1742 3294 1759 3310 ⁶
2326 3287 2382 3334 sit
