2904 3750
573 195 1526 262 CAPUT'VIGESIMUM
1571 194 2088 258 ocTAVUM.
2199 155 2342 278 447

327 331 481 388 tand0‚
533 330 716 379 Patrem
738 331 870 394 suum
913 328 989 377 illa
1026 327 1328 392 prophanans,
1379 324 1488 390 igne
1533 324 1880 382 comburetur,'’
1932 326 2210 374 Levitrxxi
2234 343 2295 388 :9
2317 345 2338 378 ·,

325 400 420 446 filia
443 396 683 446 sacerdotis
716 392 804 461 pro
835 395 1072 444 affefflone
1101 394 1226 451 boni,
1267 405 1395 456 pater
1416 408 1503 456 pro
1525 392 1651 440 bono
1679 408 1736 441 ex
1756 408 1853 456 quo
1877 392 2057 440 affeetio
2089 393 2178 448 illa,
2215 392 2340 439 scor-

325 467 409 513 tari
442 481 528 529 pro
549 463 827 528 prophanare
860 462 1054 518 bonum,
1093 459 1207 523 quid
1241 459 1438 515 scortari,
1475 458 1685 506 videatur
1718 475 1749 506 n
1769 476 1780 505 :
1804 459 1946 518 2466.
1983 475 2124 523 2729.
2165 476 2291 522 3399
2314 479 2330 512 ;

325 534 378 581 ὅτ
409 532 523 596 quid
554 527 831 593 prophanare
869 542 935 575 n:
967 529 1108 577 1008.
1151 542 1292 574 1010.
1335 540 1475 589 1059.
1520 541 1664 587 2051.
1706 529 1850 590 3398.
1892 542 2036 590 3399.
2107 526 2253 580 Tum,
2299 524 2335 570 fi

324 599 417 646 filia
454 596 690 645 sacerdotis
723 594 840 641 fadia
873 591 1010 640 fiserit
1030 591 1171 639 vidua
1199 603 1277 639 aut
1311 591 1564 654 repudiata,
1598 592 1651 639 ὅτ
1674 591 1827 639 semen
1860 592 2038 639 nullum
2075 593 2133 647 ei,
2168 591 2335 637 redibit

322 665 383 714 ad
410 664 572 712 domum
594 662 743 723 patris
763 659 856 723 sui,
892 658 1143 706 secundum
1177 658 1522 707 adolescentiam
1544 657 1685 715 suam,
1721 659 1772 706 de
1803 670 1914 720 pane
1937 661 2084 720 patris
2102 659 2179 721 sui
2202 673 2332 705 come-

322 732 393 779 det
410 752 428 786 ·,
465 729 614 776 omnis
644 727 811 774 alienus
844 741 937 773 non
961 725 1173 774 comedet
1195 726 1380 781 de·eo,'’
1420 725 1594 773 Levit:
1618 741 1727 772 xxn
1751 744 1763 773 :
1788 743 1862 788 13.
1932 725 2089 773 Etiam
2112 724 2213 771 haec
2238 723 2328 779 lex,

323 803 357 827 ‘⁴
382 798 430 844 Si
453 794 621 842 videris
661 794 708 840 in
743 794 1002 856 captivitate
1037 807 1230 839 uxorem
1266 791 1457 856 pulchra
1490 789 1655 849 forma,
1694 792 1745 839 &
1778 791 2094 840 desideraveris
2117 807 2236 845 eam,
2276 803 2330 836 ut

319 862 509 926 accipias
533 860 615 907 tibi
640 861 686 907 in
710 859 967 916 mulierem,
1003 859 1201 906 deduces
1233 874 1332 906 eam
1367 859 1414 904 in
1448 858 1655 906 medium
1683 858 1851 906 domus
1881 871 1990 915 tuae,
2031 859 2081 906 δε
2119 855 2330 906 tondebit

319 940 456 993 caput
479 926 629 984 suum,
670 927 720 974 ὅτ
747 924 879 974 faciet
912 941 1089 989 ungues
1113 925 1230 983 sum,
1265 927 1316 973 δε
1342 925 1601 972 removebit
1623 925 1795 973 vestem
1817 926 2092 990 captivitatis
2122 925 2214 971 suae
2242 923 2323 970 de-

318 996 449 1060 super
471 994 529 1051 se,
570 995 620 1041 &
660 992 829 1040 sedebit
866 994 913 1040 in
949 992 1096 1040 domo
1129 1005 1223 1050 tua,
1268 992 1319 1040 &
1351 990 1518 1052 deflebit
1537 1002 1711 1055 patrem
1735 992 1865 1054 suum
1902 994 1952 1040 ὅτ
1987 1002 2171 1039 matrem
2195 991 2328 1053 suam

316 1060 467 1112 mense
488 1060 684 1117 dierum,
721 1061 769 1109 δε
793 1058 947 1123 postea
974 1058 1158 1107 intrabis
1180 1059 1236 1107 ad
1262 1058 1404 1115 illam,
1439 1058 1490 1106 δε
1513 1057 1759 1122 cognosces
1794 1058 1936 1116 illam,
1981 1059 2031 1106 δε
2055 1059 2138 1106 erit
2161 1057 2245 1105 tibi
2278 1058 2330 1104 in

320 1129 611 1184 mulierem,”
646 1128 938 1175 Deutzxx1:
964 1144 1036 1176 11.
1068 1143 1141 1175 12.
1175 1144 1268 1190 133
1309 1127 1357 1173 in
1390 1124 1473 1172 hac
1505 1125 1606 1189 lege
1641 1125 1799 1173 omnIa
1830 1126 2091 1189 &‚fingula
2121 1123 2222 1172 sunt
2254 1139 2324 1171 re-

316 1194 630 1261 praesentativa
651 1193 747 1240 veri
779 1191 1007 1250 naturalis,
1042 1192 1188 1256 quod,
1223 1191 1465 1256 postquam
1489 1192 1783 1256 purificatum
1814 1192 1879 1240 est
1912 1210 1937 1240 a
1959 1191 2095 1250 falfis,
2134 1191 2323 1255 adopta·

317 1275 394 1310 tur
432 1277 457 1309 a
495 1260 652 1315 bono;
698 1275 863 1306 verum
896 1258 984 1306 tale
1018 1258 1297 1322 significatur
1329 1275 1413 1324 per
1449 1275 1641 1307 uxorem
1674 1260 1722 1306 in
1761 1260 2040 1323 captivitate,
2080 1258 2319 1323 pulchram

316 1326 483 1385 forma,
518 1326 774 1391 purificatio
812 1341 840 1372 a
872 1323 990 1374 falfis
1029 1341 1111 1389 per
1149 1325 1371 1374 deducere
1402 1327 1450 1372 in
1484 1325 1693 1374 medium
1718 1325 1905 1383 domus,
1940 1325 2126 1374 tondere
2163 1337 2322 1389 caput,

316 1393 460 1442 facere
500 1409 695 1456 ungues,
731 1408 964 1441 removere
986 1391 1159 1440 vestem
1189 1393 1478 1457 captivitatis,
1514 1394 1565 1441 δε
1603 1393 1768 1441 deflere
1804 1406 1977 1456 patrem
2020 1394 2070 1440 &
2110 1404 2320 1446 matrem,

315 1461 547 1526 adoptatio
582 1476 664 1524 per
685 1458 840 1524 postea
874 1460 1037 1507 intrare
1068 1459 1125 1507 ad
1164 1459 1305 1517 illam,
1342 1459 1613 1524 cognoscere
1633 1459 1776 1517 illam,
1814 1460 1867 1507 &
1900 1459 2099 1524 accipere
2136 1460 2183 1506 in
2214 1474 2319 1505 rnu-

314 1528 488 1576 lierem.
559 1528 693 1590 Leges
730 1528 1030 1589 cory'ugiorum‚
1071 1526 1198 1590 quod
1237 1528 1354 1574 intra
1386 1525 1560 1574 tribum
1596 1526 1648 1574 δε
1683 1527 1800 1576 intra
1830 1524 2048 1573 familiam
2084 1525 2319 1573 contrahe·

315 1606 504 1650 rentur,
546 1593 596 1641 &
619 1609 806 1657 quoque
826 1595 960 1655 Leges
997 1592 1313 1650 haereditatum,
1360 1593 1491 1656 quod
1529 1608 1623 1640 non
1659 1592 1892 1641 transirent
1922 1593 1980 1640 de
2004 1592 2125 1640 tribu
2159 1593 2216 1640 ad
2239 1593 2323 1640 tri-

315 1660 448 1717 bum,
485 1659 543 1707 de
563 1659 731 1722 quibus
768 1659 815 1706 in
832 1658 1005 1716 Verbo,
1038 1660 1174 1706 etiam
1211 1659 1316 1706 inde
1350 1658 1475 1705 suam
1505 1659 1730 1722 originem
1758 1658 2031 1716 habuerunt,
2067 1675 2231 1722 nempe
2263 1673 2322 1705 ex

315 1724 539 1792 conjugio
560 1725 734 1774 coelesti
757 1725 808 1773 &
830 1723 1067 1789 spirituali,
1101 1727 1148 1772 in
1173 1726 1342 1788 Regno
1363 1725 1577 1781 Domini,
1614 1723 1687 1771 seu
1712 1724 1821 1775 boni
1856 1725 1905 1772 δε
1941 1727 2053 1782 veri,
2089 1741 2197 1789 quae
2227 1724 2318 1787 sig·

316 1793 557 1842 nificantur
578 1808 662 1857 per
684 1792 867 1840 Patrem
889 1793 939 1839 δε
963 1792 1167 1839 Matrem
1187 1810 1199 1839 z
1249 1791 1452 1839 similiter
1474 1793 1609 1854 Leges
1638 1807 1746 1855 quae
1780 1791 1885 1839 latae
1907 1791 2015 1839 ¹sunt
2047 1793 2096 1840 de
2113 1792 2319 1856 gradibus

316 1859 448 1912 licitis
468 1860 519 1907 ὅτ
542 1861 723 1906 vetitis.-
762 1859 1029 1932 unaquaevis
1050 1858 1156 1906 Lex
1189 1858 1248 1906 de
1285 1858 1372 1906 illis
1405 1859 1452 1905 in
1474 1858 1633 1906 Verbo
1671 1857 1712 1905 se
1735 1857 1856 1906 intus
1890 1857 2023 1906 refert
2059 1859 2115 1906 ad
2138 1859 2320 1922 Legem

317 1925 658 1974 consbciationis
689 1924 741 1971 δε
780 1925 1111 1988 conjunffionis
1151 1923 1260 1973 boni
1297 1925 1350 1973 ὅτ
1387 1925 1483 1972 veri
1519 1926 1566 1972 in
1589 1924 1754 1982 Caelo;
1797 1926 1844 1973 δι
1882 1925 1938 1973 ad
1971 1925 2329 1974 consociationes-

317 1992 427 2041 mali
451 1992 500 2039 &
521 1989 616 2038 falfi
651 1991 700 2037 in
733 1988 927 2046 inferno,
960 2006 1068 2053 quae
1090 1989 1299 2054 separatae
1321 1990 1377 2038 ab
1400 1991 1521 2047 illis;
1563 1992 1623 2041 de
1651 1991 1867 2055 gradibus
1908 1992 2039 2040 licitis
2076 1993 2126 2040 δε
2150 1993 2322 2048 vetitis,

314 2059 524 2107 videatur
544 2057 685 2104 Levit
703 2075 714 2104 :
734 2072 824 2111 xx;
850 2056 907 2103 de
931 2056 1268 2104 haereditatibus
1290 2057 1419 2120 quod
1443 2073 1535 2105 non
1559 2059 1791 2106 transirent
1813 2059 1870 2106 de
1893 2059 2014 2106 tribu
2040 2061 2083 2107 in
2110 2059 2279 2106 tribum
2303 2081 2318 2112 3

316 2126 366 2173 δε
391 2125 450 2172 de
468 2122 698 2187 conjugiis
720 2123 846 2186 quod
871 2122 1237 2171 contraherentur
1259 2125 1372 2171 intra
1392 2123 1587 2180 tribum,
1624 2141 1683 2171 n:
1710 2140 1830 2171 xxm
1852 2144 1863 2172 :
1888 2142 1929 2189 7.
1958 2131 2000 2174 8.
2027 2146 2075 2192 9,
2101 2127 2150 2174 ὅτ
2186 2126 2319 2172 alibi:

318 2191 447 2255 quod
479 2192 526 2238 in
553 2191 684 2237 coelis
708 2191 862 2237 omnia
893 2189 1141 2253 &smgula
1172 2190 1213 2237 se
1237 2189 1698 2237 habeantsecundum
1732 2190 2137 2253 consanguinitates
2173 2193 2224 2239 &
2254 2191 2320 2238 af-

319 2257 511 2305 finitates
535 2257 715 2304 boni&
739 2258 851 2312 veri,
888 2256 1094 2304 videatur
1127 2273 1157 2303 n
1182 2257 1322 2320 :685.
1351 2273 1461 2321 917.
1490 2272 1633 2321 2739.
1663 2256 1804 2319 3612.
1878 2257 2004 2318 Qiia
2037 2258 2236 2322 populus
2259 2258 2322 2305 Is·

318 2324 540 2371 raeliticus
562 2325 785 2386 Regnum
807 2323 1003 2370 Domini
1038 2324 1084 2369 in
1122 2323 1254 2370 coeiis
1286 2322 1645 2387 repraesentabat,
1686 2338 1738 2369 ac
1774 2323 1835 2369 ita
1870 2323 2080 2372 ordinem
2122 2325 2183 2371 ibi
2221 2341 2323 2371 coe·
2363 2370 2366 2374 .

319 2390 491 2445 lestem,
526 2391 663 2435 etiam
689 2388 953 2435 mandatum
974 2387 1083 2446 fuit,
1124 2401 1177 2435 ut
1200 2388 1582 2452 distinguerentur
1604 2388 1856 2437 'secundum
1878 2389 2051 2447 Tribus,
2086 2391 2137 2439 &
2159 2391 2316 2437 secun-

320 2457 434 2504 dum
459 2455 686 2510 Familias,
719 2455 769 2502 ὅτ
805 2453 1065 2518 ΐεςυηάυω
1087 2455 1224 2502 domos
1246 2466 1428 2516 patrum
1450 2457 1643 2518 suoram,
1683 2455 1892 2503 videatur
1923 2457 2056 2504 Num
2083 2473 2232 2505 :xxm
2256 2476 2266 2505 :
2295 2475 2317 2505 t

322 2523 379 2569 ad
401 2521 452 2570 f:
494 2524 544 2569 ’δε
567 2524 752 2586 quoque
788 2521 915 2583 quod
954 2520 1201 2568 secundum
1241 2521 1371 2568 illum
1410 2522 1618 2569 ordinem
1655 2521 1792 2568 castra
1831 2535 2106 2570 metarentur
2143 2525 2325 2571 circum

321 2590 567 2636 tentorium
591 2600 858 2643 conventuS,
899 2588 948 2634 δε
972 2604 1156 2651 quoque
1178 2588 1308 2652 quod
1332 2587 1582 2635 secundum
1615 2588 1809 2635 similem
1832 2589 2039 2639 ordinem
2064 2590 2318 2654 proficisce-

320 2670 491 2712 rentur,
527 2655 584 2701 de
607 2655 773 2718 quibus
798 2656 858 2701 ita
879 2654 999 2717 apud
1025 2654 1207 2710 Mosen,
1245 2660 1277 2682 “
1301 2655 1388 2702 Vir
1408 2654 1489 2702 sub
1511 2655 1680 2702 vexillo
1703 2655 1798 2711 suo,
1838 2657 1883 2703 in
1909 2657 2044 2720 fignis
2075 2656 2162 2705 suis
2179 2660 2325 2720 juxta-

321 2723 482 2771 domum
496 2733 676 2783 patrum
695 2721 862 2768 illorum
895 2719 1030 2768 castra
1067 2721 1356 2769 metabuntur
1393 2721 1474 2769 filii
1498 2721 1684 2778 Israelis,
1725 2739 1748 2769 e
1771 2725 1953 2786 regione
1974 2726 2148 2771 circum
2174 2736 2322 2772 tento·

270 2824 275 2827 .
323 2789 442 2835 rium
478 2801 761 2843 conventus3
804 2789 853 2835 ὅτ
893 2788 1020 2850 quod
1058 2788 1118 2835 fic
1157 2804 1342 2852 quoque
1375 2787 1781 2852 proficiscerentur,
1833 2790 1966 2838 Num
1995 2810 2005 2838 :
2035 2808 2075 2839 11
2103 2810 2115 2839 ε
2145 2807 2186 2838 2.
2227 2809 2324 2855 343

324 2869 461 2916 quare
484 2870 591 2901 cum
609 2855 836 2902 Bileamus
853 2854 1032 2901 ’videret
1046 2854 1249 2902 Israelem
1269 2856 1551 2903 «habitantem
1572 2854 1702 2919 juxta
1718 2856 1898 2903 Tribus
1913 2857 2025 2919 suaS,
2045 2860 2170 2906 venit
2195 2858 2327 2921 super

326 2919 458 2967 illum
494 2920 669 2983 spiritus
693 2922 800 2978 Dei,
838 2923 886 2968 δε
920 2921 1062 2969 edidit
1096 2924 1399 2979 enuntiatum,
1438 2923 1592 2970 dicens
1613 2941 1629 2971 .-
1667 2939 1805 2986 quam
1842 2923 1962 2972 bona
1985 2923 2086 2972 sunt
2120 2925 2322 2972 taberna-

326 2986 426 3032 cula
463 2997 562 3042 tua,
593 2982 756 3046 Jacob,
790 2987 1041 3035 habitacula
1081 3001 1174 3046 tua,
1210 2987 1337 3035 Israel
1361 3012 1377 3045 ς
1423 2989 1706 3036 sicut-vallis
1740 2990 2016 3054 plantantur,
2056 2991 2168 3039 ficut
2206 2992 2324 3038 horti

318 3049 453 3115 juxta
487 3053 743 3109 fluvium?
774 3055 823 3102 δε
855 3070 962 3117 quae
1002 3054 1265 3118 sequuntur,
1303 3057 1430 3116 Num
1454 3075 1464 3103 :
1485 3072 1611 3103 xxw
1631 3075 1642 3104 ε
1665 3073 1707 3105 2.
1737 3074 1780 3119 5.
1807 3058 1849 3104 6.
1878 3057 1980 3120 seq:
2026 3060 2071 3104 in
2094 3074 2185 3121 qua
2217 3074 2325 3120 pro-

324 3117 475 3180 phetia
507 3118 633 3180 quod
673 3134 763 3164 non
800 3120 947 3180 Jacob
987 3137 1069 3168 nec
1091 3121 1240 3168 'Israel
1274 3122 1524 3169 intellectus
1558 3122 1634 3180 fit,
1680 3122 1751 3169 sed
1790 3125 2009 3186 Regnum
2049 3125 2243 3171 Domini
2279 3124 2329 3168 in.

323 3182 475 3240 coelis,
504 3185 558 3231 ’δε
585 3183 951 3247 Ecclesia-ipsius
976 3187 1026 3233 in
1047 3188 1200 3245 terris,
1230 3203 1337 3250 quae
1371 3204 1451 3252 per
1474 3189 1683 3236 ordinem
1716 3188 1864 3246 illum,
1907 3191 1951 3236 in
1976 3205 2070 3252 quo
2092 3202 2201 3237 tunc
2226 3189 2333 3234 illos-

2214 3270 2331 3301 (ΞΟῙἜν

1750 3332 1789 3365 e
