2904 3750
464 260 605 326 7590
951 229 1014 298 G
1106 233 1167 297 E
1258 227 1335 295 N
1427 228 1486 293 Ε
1580 218 1937 291 8,Ϊ·8’.’

466 369 624 428 ‘30²3‘
653 368 809 415 3035:
840 349 1048 400 Existere
1088 346 1363 416 praedicatur
1400 349 1539 398 etiam
1578 348 1637 395 de
1662 344 2002 402 Domin0,‚sed
2039 344 2182 393 modo
2214 345 2439 398 cum,fuit

480 436 526 466 in
554 418 743 472 munde,
781 432 832 464 ac
869 417 1018 464 induit
1053 418 1118 465 ibi
1142 417 1367 465 Divinum
1392 417 1498 464 Effe
1521 436 1533 469 ;
1569 427 1614 461 at
1636 429 1738 461 cum
1764 412 1900 461 factus
1922 404 2145 470 Divinum
2171 411 2292 468 Effe,
2331 419 2452 485 tunff

479 500 571 531 non
605 483 798 547 amplius
823 481 1023 530 Existere
1051 483 1107 531 de
1133 484 1241 546 Ipso
1271 481 1508 547 praezlicatri
1542 480 1703 544 potest,
1740 478 1870 526 aliter
1905 493 1956 525 ac
1991 477 2237 539 quoddam,
2271 479 2439 539 Proce7

455 551 594 606 sdens
632 549 690 595 ab
714 548 853 611 lpi'o3
885 549 1011 611 quod
1047 550 1256 611 procedit
1289 550 1347 595 ab
1372 547 1496 611 Ips0,
1533 544 1598 593 est
1631 544 1752 608 quod
1788 554 1977 606 apparet
2011 542 2123 589 sicut
2156 542 2361 590 Existere
2398 544 2443 589 i'n

479 613 608 679 -lpl‘o,
645 626 690 660 at
725 629 814 660 non
849 614 911 659 est
944 614 988 660 in
1016 614 1142 676 Ipso,
1179 613 1255 659 sed
1287 613 1352 660 est
1381 615 1438 660 ab
1461 610 1581 676 Ipso,
1619 611 1668 658 &
1693 610 1802 657 facit
1825 622 1873 656 ut
1897 609 2123 663 homines,
2159 607 2360 670 spiritus,
2396 608 2444 654 &

474 678 646 742 angeli,
684 678 890 735 existant,
929 675 1017 724 hoc
1041 679 1119 734 est,
1155 680 1339 724 vivant:
1374 678 1579 724 Existere
1612 674 1734 738 apud
1763 674 2022 730 hominem,
2057 674 2270 736 spiritum
2297 674 2346 719 &
2369 691 2446 728 an-

474 748 661 807 gelum,
698 743 763 790 est
788 744 961 798 vivere,
999 743 1048 789 δε
1073 744 1227 790 vivere
1249 742 1344 805 ejus
1366 741 1431 789 est
1453 740 1646 788 felicitas
1663 752 1870 792 aeterna.;
1905 740 2097 787 felicitas
2122 739 2231 787 vitae
2263 754 2451 787 aeternae

482 810 553 857 est
585 810 658 857 cui
694 809 741 856 in
776 808 988 870 supremo
1023 807 1149 855 sensu
1186 806 1513 870 correspondet
1534 804 1802 858 AEternitaS,
1836 810 1940 868 quae
1963 820 1990 853 a
2012 805 2187 852 Divino
2218 804 2323 858 Esse
2352 807 2451 853 Do·

492 875 623 922 mini.
696 875 841 938 Qod
865 873 1054 920 felicitas
1076 873 1183 920 vitae
1205 886 1389 923 aeternae
1414 873 1465 918 sit
1486 886 1588 935 quae
1618 870 1664 915 in
1695 867 1820 915 sensu
1857 869 2038 915 interno
2065 869 2343 930 significatur
2371 881 2454 932 per

477 938 835 994 beatitudinem,
871 951 1028 1000 patet;
1073 953 1173 986 tum
1213 938 1336 1000 quod
1369 937 1623 1000 jucundum
1658 932 1953 982 affectionum
1997 933 2041 980 in
2083 930 2212 980 sensu
2247 938 2452 995 externo,

494 1008 552 1052 ita
575 1004 736 1068 absque
759 1003 1077 1067 explicatione.
1148 1003 1235 1049 Sed
1271 1003 1336 1049 est
1365 1002 1621 1066 jucundum
1651 999 1949 1047 affectionum
1972 998 2068 1047 veri
2092 1000 2141 1046 δε
2166 999 2294 1054 boni,
2329 999 2454 1062 quod

486 1070 819 1132 correspondet
859 1067 1058 1116 felicitati
1100 1068 1209 1116 vitae
1247 1083 1446 1124 aeternae,
1481 1066 1606 1131 quod
1649 1065 1950 1127 significatur:
1993 1079 2156 1118 omnes
2193 1063 2457 1113 affectiones

487 1137 666 1184 *habent
700 1134 772 1181 sua
799 1131 1013 1196 jucunda,
1050 1134 1119 1181 sed
1158 1134 1307 1198 quales
1341 1133 1620 1187 affectiones,
1655 1131 1761 1179 talia
1797 1129 1898 1179 sunt
1922 1129 2162 1193 jucundam
2191 1128 2459 1179 affectiones

490 1201 608 1248 *mali
632 1201 679 1246 &
705 1200 797 1248 falfi
826 1200 965 1246 etiam
1003 1201 1169 1247 habent
1205 1200 1282 1246 sua
1309 1199 1532 1264 jucunda,
1569 1200 1617 1246 δε
1642 1210 1880 1259 antequam
1906 1196 2048 1244 homo
2070 1209 2375 1257 regeneratur,
2410 1196 2458 1242 δε

490 1267 667 1331 .accip't
705 1282 729 1313 a
769 1265 976 1312 Domino
1015 1264 1280 1313 affeetiones
1322 1265 1419 1313 veri
1461 1260 1680 1320 &boni,
1726 1274 1951 1325 apparent
1998 1261 2070 1309 illa
2106 1259 2308 1323 jucunda
2351 1261 2462 1310 ficut

493 1334 649 1389 unica,
686 1330 822 1394 usque
846 1331 979 1388 adeo,
1015 1345 1063 1378 ut
1084 1332 1274 1379 credant
1302 1331 1425 1395 quod
1459 1346 1552 1377 non
1587 1330 1671 1378 alia
1696 1326 1900 1391 jucunda
1923 1328 2105 1389 dentur,
2139 1327 2464 1390 consequenter

491 1398 535 1444 si
570 1399 856 1462 privarentur
892 1397 981 1443 illis
1013 1396 1139 1460 quod
1163 1396 1362 1460 prorsus
1398 1396 1610 1460 perient:
1646 1406 1691 1441 at
1724 1393 1803 1457 qui
1834 1409 1863 1440 a
1891 1393 2100 1443 Domino
2132 1392 2358 1455 accipiunt
2389 1391 2463 1456 ju-

500 1464 650 1510 cunda
687 1461 983 1510 affedtionum
1025 1461 1125 1508 veri
1166 1462 1214 1509 ὅτ.
1252 1462 1377 1517 boni,
1414 1477 1496 1526 per
1535 1460 1702 1524 gradus
1736 1458 1898 1507 vident
1932 1457 1982 1505 &
2020 1458 2277 1523 percipiunt
2315 1459 2463 1523 qualia

497 1527 698 1592 jucunda
740 1527 862 1574 illius
899 1528 1009 1574 vitae
1051 1527 1149 1575 sunt
1187 1544 1291 1592 quae
1331 1527 1466 1575 unica
1499 1527 1586 1575 effe
1627 1523 1935 1579 crediderunt,
1984 1526 2109 1588 quod
2150 1540 2319 1586 nempe
2350 1524 2466 1572 -vilia

504 1594 773 1657 respective,
809 1594 903 1640 imo
927 1593 1118 1656 spurca;
1156 1595 1205 1640 δε
1241 1610 1334 1657 quo
1363 1593 1482 1657 plus*
1502 1594 1547 1640 in
1578 1592 1782 1656 jucunda
1814 1589 2111 1638 affectionum
2145 1590 2242 1637 veri
2274 1589 2322 1638 &
2355 1589 2466 1637 bom

501 1658 766 1722 progressus
799 1658 868 1714 fit,
903 1675 959 1705 eo
989 1659 1092 1720 plus
1130 1659 1293 1722 incipit
1323 1659 1466 1706 homo
1492 1659 1774 1720 vilipendere
1801 1654 2008 1718 jucunda
2040 1655 2116 1703 illa
2145 1654 2324 1704 mali&
2350 1651 2465 1710 falsi,

498 1725 560 1770 ίδε
583 1724 768 1771 tandem
791 1722 982 1770 aver-sari
1009 1723 1112 1771 illa:
1151 1723 1364 1787 loquutus
1389 1722 1666 1786 quandoque
1689 1722 1782 1768 sum
1808 1735 1915 1767 cum
1942 1720 2029 1766 illis
2053 1720 2096 1766 in
2122 1719 2260 1767 altera
2274 1720 2366 1766 vita
2384 1721 2466 1783 qui

504 1791 557 1837 in
591 1787 800 1850 jucundis
840 1787 950 1834 mali
987 1787 1036 1835 &
1073 1787 1170 1835 falfi
1206 1785 1395 1844 fuerint,
1430 1789 1482 1835 ὅτ
1518 1786 1800 1835 illisdicere
1835 1785 2014 1840 datum,
2050 1786 2178 1848 quod
2212 1800 2303 1831 non
2345 1787 2469 1848 prius

507 1857 653 1902 avitam
679 1853 891 1909 habeant,
926 1869 1061 1916 quam
1097 1868 1202 1901 curn
1240 1853 1474 1918 privantur
1500 1851 1719 1916 jucundis
1755 1849 1858 1906 suis,
1893 1849 1969 1896 sed
1990 1849 2202 1896 dixerunt
2224 1849 2336 1896 ficut
2359 1850 2470 1897 tales

504 1921 558 1968 ,in
590 1918 779 1976 mundo,
815 1916 939 1982 quod
970 1919 1003 1966 si
1038 1917 1125 1966 illis
1161 1919 1466 1981 privarentur,
1501 1917 1615 1965 nihil
1645 1917 1754 1964 vitae
1782 1914 1979 1978 amplius
2013 1913 2103 1962 illis
2135 1912 2261 1970 esset,
2296 1913 2371 1963 sed
2401 1931 2470 1962 re-

507 1986 734 2049 spondere
768 1984 946 2041 datum,
983 1983 1106 2047 quod
1140 1997 1248 2032 tunc
1280 1985 1478 2048 primum
1503 1983 1596 2031 vita
1616 1982 1826 2046 incipiat,
1863 1980 1912 2029 ὅτ
1935 1995 2040 2045 cum
2066 1979 2143 2028 illa
2164 1981 2260 2028 vita
2282 1979 2473 2028 felicitas

502 2051 659 2115 qualis
695 2051 742 2097 in
775 2050 915 2106 coelo,
949 2066 1055 2114 quae
1089 2048 1332 2096 ineffabilis
1367 2048 1433 2096 est
1466 2047 1751 2113 respective3
1786 2046 1860 2094 sed
1892 2047 1980 2094 hoc
2012 2062 2103 2093 non
2135 2058 2378 2108 potuerunt
2398 2053 2472 2094 ca·

510 2133 637 2182 pere,
673 2116 782 2179 quia
819 2115 943 2178 quod
985 2117 1195 2177 ignotum
1231 2115 1309 2171 est,
1347 2114 1544 2162 creditur
1577 2114 1692 2162 nihil
1730 2115 1848 2161 effe:
1885 2111 2089 2159 fimiliter
2122 2111 2165 2158 se
2198 2112 2331 2158 habet
2365 2128 2473 2159 cum

506 2183 729 2229 <omnibus
766 2181 853 2227 illis
884 2180 931 2227 in
961 2180 1153 2236 mundo,
1190 2181 1270 2243 qui
1309 2181 1354 2228 in
1387 2196 1541 2228 amore
1572 2179 1637 2228 sui
1660 2181 1708 2228 δε
1736 2177 1893 2226 mundi
1926 2178 2039 2234 sunt,
2077 2176 2127 2225 δε
2147 2177 2261 2225 inde.
2281 2178 2476 2226 ianulla

502 2247 751 2304 :charitatffi
789 2245 856 2292 illi
883 2244 1140 2309 jucundum
1166 2245 1349 2293 illorum
1373 2261 1583 2294 amorum
1605 2244 1770 2301 sciunt,
1808 2243 1882 2291 sed
1920 2258 2010 2290 non
2037 2242 2294 2306 jucundum
2329 2241 2480 2304 hujus,

509 2328 685 2375 nempe
722 2311 973 2369 charitatis,
1022 2326 1160 2375 quare
1199 2311 1335 2358 etiam
1377 2312 1560 2374 prorsus
1600 2309 1802 2358 nesciunt
1840 2307 1951 2372 quid
1987 2307 2201 2364 charitas,
2238 2307 2289 2354 &
2328 2308 2477 2366 adhuc

509 2379 666 2441 ..magis
698 2377 821 2440 quod
856 2376 1042 2440 aliquod
1069 2376 1319 2440 jucundum
1345 2376 1398 2423 fit
1422 2376 1469 2424 in
1493 2376 1727 2432 charitate,
1759 2391 1872 2424 cum
1906 2389 2057 2422 tamen
2087 2371 2347 2435 jucundum
2371 2374 2477 2420 cha-

510 2444 664 2492 ritatis
694 2443 757 2489 est
786 2443 912 2506 quod
944 2442 1111 2507 implet
1139 2441 1402 2489 universum
1433 2442 1623 2499 coelum,
1657 2443 1707 2490 δε
1731 2441 1836 2489 facit
1859 2441 1924 2488 ibi
1949 2439 2276 2486 beatitudinem
2301 2440 2348 2487 ὅτ
2375 2438 2478 2486 feli-

511 2509 724 2565 citatem,
759 2508 808 2554 δε
833 2507 866 2554 s1
890 2509 1073 2555 credere
1099 2507 1228 2564 velis,
1265 2508 1404 2555 etiam
1440 2507 1789 2571 intelligentiam
1816 2505 1864 2553 δε
1889 2505 2154 2568 sapientiam
2186 2521 2291 2552 cum
2324 2520 2481 2552 earum

512 2574 750 2639 jucundis,
787 2589 894 2620 nam
924 2573 970 2620 in
996 2571 1198 2636 jucunda
1222 2573 1452 2621 charitatis
1478 2573 1630 2621 influit
1654 2573 1884 2621 Dominus
1907 2587 2012 2619 cum
2038 2570 2132 2618 luce
2154 2572 2250 2619 veri
2274 2570 2324 2616 &
2351 2568 2480 2618 flam·

520 2657 603 2687 ma
622 2641 763 2699 boni,
798 2638 903 2686 inde
929 2654 1034 2686 curn
1068 2638 1370 2701 intelligentia
1392 2639 1441 2686 ὅτ,
1463 2638 1681 2704 sapientia
1702 2658 1718 2693 3
1748 2638 1859 2687 falsa
1880 2649 2030 2684 autem
2057 2636 2108 2682 &
2132 2636 2250 2684 mala
2271 2634 2485 2698 rejiciunt

527 2706 623 2762 illa,
658 2703 879 2752 suffocant
912 2705 961 2751 δι
1003 2716 1283 2768 pervertunt,
1318 2703 1425 2751 inde
1463 2703 1722 2767 insipientia
1754 2705 1804 2751 δε
1840 2702 2038 2749 insania:
2075 2717 2132 2748 ex
2171 2702 2241 2749 his
2279 2701 2484 2748 constare

522 2769 695 2833 potest,
736 2769 843 2832 quid
877 2767 1131 2830 jucundum
1165 2767 1462 2816 affeetionum
1500 2769 1584 2827 est,
1624 2770 1677 2816 δε
1712 2769 1843 2832 quale
1878 2766 1963 2824 est,
1998 2767 2127 2830 quod
2161 2763 2490 2828 correspondet

529 2834 738 2882 felicitati
779 2833 889 2880 vitae
927 2845 1126 2880 aeternae.
1202 2834 1370 2880 Homo
1407 2832 1547 2896 ,hujus-
1579 2833 1732 2881 saeculi
1772 2832 1940 2885 credit,
1984 2831 2017 2878 fi
2053 2829 2195 2877 modo
2237 2829 2283 2877 in
2323 2830 2487 2878 ultima

527 2901 695 2948 mortis
729 2899 842 2945 hora
871 2897 1193 2945 confidentiam
1224 2897 1334 2944 fidei
1365 2898 1543 2954 habeat,
1579 2900 1624 2944 in
1657 2907 1919 2960 quacunque
1948 2894 2191 2942 affectione
2226 2909 2306 2958 per
2336 2907 2487 2945 totum

510 3010 513 3011 γ
532 2966 648 3013 vitae
667 2964 753 3012 suae
774 2962 951 3010 cursum
973 2960 1152 3018 vixerit,
1189 2962 1327 3026 poffit
1343 2962 1500 3008 venire
1523 2964 1570 3008 in
1588 2963 1797 3017 coelum,
1833 2977 1938 3007 oum
1962 2960 2047 3007 illis
2069 2960 2145 3022 qui
2171 2959 2233 3006 ita
2255 2960 2487 3017 vixerunt,

530 3033 589 3077 ›&
600 3046 780 3094 quoque
799 3029 860 3075 ita
877 3026 1182 3083 crediderunt,
1201 3026 1340 3074 etiam
1354 3027 1633 3092 quandoque
1651 3028 1863 3090 loquutus
1881 3026 2004 3080 sum·,
2031 3025 2095 3072 illi
2116 3041 2220 3072 cum
2243 3026 2286 3072 in
2303 3027 2491 3074 alteram

537 3099 682 3144 vitam
706 3093 916 3148 veniunt,
951 3093 1154 3156 primum
1178 3092 1293 3138 nihil
1315 3091 1438 3139 aliud
1461 3095 1682 3155 cogitant,
1716 3109 1851 3155 quam
1886 3092 2011 3154 quod
2048 3092 2213 3138 intrare
2246 3092 2412 3155 postint
2440 3093 2488 3139 in

530 3163 730 3220 eoelum,
766 3175 859 3209 non
888 3158 1168 3208 attendentes
1196 3157 1256 3206 ad
1280 3157 1424 3207 vitam
1454 3156 1588 3207 suam
1614 3160 1883 3216 anteactam,
1919 3156 2042 3221 quod
2067 3172 2233 3220 nempe
2258 3156 2493 3221 perillam

2353 3227 2497 3285 vitam

2887 1839 2904 1894 ¹

2890 1951 2904 2052 sl

2891 2054 2904 2179 l
