2904 3750
525 263 560 327 3
575 214 657 326 33
1030 232 1095 303 G
1184 232 1248 301 E
1344 212 1431 300 Ν
1512 226 1578 299 Ε
1670 229 1724 300 ,ς’
1808 230 1855 301 1
1891 242 1894 246 ·
1937 233 2005 303 S.

515 371 766 428 mentium,
801 366 864 418 ita
883 364 1133 416 secundum
1157 363 1355 414 formam
1389 362 1497 413 inde
1514 387 1531 422 ·‚
1569 362 1602 413 fi
1627 362 1864 430 singularia
1896 365 1947 414 ὅτ
1970 363 2078 414 inde
2101 366 2384 433 particularia
2416 370 2525 426 boni

513 436 708 488 coelestis
731 438 782 485 ὅτ
805 436 902 484 ven‘
923 434 1160 500 spiritualis
1180 432 1282 481 sunt
1309 448 1417 496 quae
1442 429 1643 481 formant
1665 449 1915 481 commune
1939 434 1985 481 in
2009 435 2214 493 naturali,
2240 448 2351 486 tunc
2373 439 2525 491 existit

513 503 664 554 forma
695 502 890 554 coelestis
910 503 960 552 &
985 500 1241 566 spiritualis,
1276 499 1327 548 ὅτ,
1360 500 1408 548 in
1430 499 1630 563 quadam
1664 500 1864 565 imagine
1898 498 2240 564 repraesentatur
2265 505 2313 552 in
2335 502 2524 570 singulis

516 572 798 628 communiS,
848 569 1020 634 aliquid
1057 568 1168 616 coeli
1187 589 1204 624 ·,
1242 578 1290 614 at
1326 566 1360 614 fi
1401 561 1638 631 singularia
1681 568 1730 616 δι
1768 566 2051 632 particularia
2086 585 2179 617 non
2205 569 2306 619 sunt
2326 569 2448 620 boni¹
2471 573 2524 624 &-
2607 576 2610 579 “

511 640 626 696 veri,
662 638 737 686 sed
760 636 867 686 mali
890 637 940 685 δι·
964 634 1073 693 falfi,
1107 650 1216 698 quae
1239 632 1441 682 formant
1459 635 1728 682 communia
1761 637 1806 682 in
1831 630 2059 693 Naturali,
2100 648 2211 685 tunc
2246 638 2293 685 in
2317 639 2522 704 imagine

513 704 852 770 repraesentatur
888 704 935 751 in
960 700 1145 766 singulis
1167 701 1447 756 communiS,
1482 700 1656 765 aliquid
1689 699 1866 749 inferni.
1936 701 2069 749 Talia
2090 700 2209 760 sunt,
2243 721 2351 768 quae
2383 702 2522 770 figni-

512 772 710 820 ficantur
748 786 829 835 per
844 769 1001 833 Edere
1025 772 1075 816 &
1100 767 1260 815 Bibere
1299 767 1345 814 in
1366 766 1500 814 Sacra
1522 768 1689 825 Coena,
1729 766 1810 815 ubi
1843 768 1982 815 etiam
2012 784 2092 831 per
2114 769 2265 818 Edere
2287 770 2338 819 δε
2360 770 2522 823 Bibere

512 837 796 902 significatur
830 834 1154 900 appropriatiO,
1188 848 1354 897 nempe
1385 849 1467 897 per
1490 832 1640 882 Edere
1672 835 1981 898 appropriatio
2005 833 2133 892 boni,
2170 835 2219 883 &
2256 852 2339 900 per
2361 838 2522 890 Bibere

513 904 825 969 appropriatio
846 903 972 957 veri·,
1012 901 1047 948 fi
1069 902 1270 958 Bonum,
1307 915 1475 963 nempe
1497 901 1652 947 Amor
1686 900 1735 947 in
1771 900 2050 965 Dominum,
2091 901 2143 950 &
2172 901 2376 952 Charitas
2410 921 2520 970 erga.

514 971 782 1035 proximum
817 966 1016 1017 formant
1038 967 1274 1015 Internum
1309 965 1382 1014 seu
1407 965 1695 1014 Rationalem
1720 964 1973 1024 hominem,
2009 964 2062 1015 &t
2092 982 2176 1032 per
2207 968 2331 1018 hunc
2353 966 2521 1022 Exter-

514 1051 630 1084 num
655 1036 706 1083 &
728 1034 997 1083 Naturalem
1019 1031 1462 1097 correspondentem,
1485 1043 1597 1080 tunc
1618 1032 1673 1080 fit
1693 1030 1839 1081 homo
1859 1033 1907 1082 in
1929 1034 2185 1099 particulari
2205 1033 2257 1084 δε
2279 1040 2521 1088 communi

513 1104 671 1165 imago
704 1101 831 1158 coeli,
873 1100 1065 1165 proinde
1099 1099 1256 1162 imago
1291 1098 1519 1154 Domini3
1571 1106 1619 1145 at
1648 1098 1682 1146 fi
1720 1109 1980 1147 contemtus
2008 1100 2204 1150 Domini
2233 1102 2286 1150 δε
2322 1102 2432 1152 boni
2463 1121 2517 1154 ac

513 1170 610 1216 veri
643 1167 770 1225 fidei,
804 1176 939 1232 atque
971 1166 1134 1215 'odium
1155 1179 1275 1228 ‘erga
1310 1164 1580 1227 proximum
1602 1161 1819 1222 formant,
1860 1177 1972 1213 tunc
2003 1165 2060 1230 fit
2081 1165 2225 1215 homo
2247 1168 2295 1215 in
2316 1171 2520 1234 particu-

515 1235 598 1284 lari
629 1235 680 1284 ὅτ.
704 1233 944 1282 communi
969 1233 1124 1296 imago
1147 1229 1327 1288 inferni,
1362 1230 1414 1278 &
1437 1230 1586 1295 magis
1616 1245 1727 1278 cum
1751 1229 1886 1278 simul
1919 1229 2007 1279 hoc
2039 1230 2096 1279 fit
2132 1232 2180 1280 in
2210 1231 2377 1292 sancto,
2413 1237 2520 1286 inde

514 1302 639 1350 enim
675 1300 1005 1366 prophanatio;
1049 1299 1148 1347 haec
1185 1296 1302 1355 sunt,
1341 1295 1488 1361 quod,
1522 1296 1604 1361 qui
1640 1295 1782 1360 digne
1812 1295 1958 1346 edunt
1994 1297 2046 1347 δε
2081 1296 2261 1357 bibunt,
2300 1299 2390 1349 illis
2426 1303 2523 1354 vita

428 1411 434 1418 .
513 1379 682 1416 aeterna
715 1367 1047 1434 approprietur,
1084 1365 1167 1430 qui
1201 1375 1352 1413 autem
1392 1362 1582 1428 indigne
1618 1363 1762 1412 edunt
1796 1363 1851 1413 &
1873 1361 2054 1423 bibunt,
2088 1361 2176 1413 fibi
2209 1378 2409 1416 mortem
2438 1386 2520 1436 ap-
2597 1378 2604 1386 ’

548 1450 600 1484 ro
634 1445 760 1482 nent.
1323 1446 1326 1450 ’

513 1451 547 1500 P
586 1450 731 1566 3p514.
767 1500 833 1548 Et
868 1498 1134 1548 benedicam
1161 1496 1246 1546 tibi
1279 1513 1434 1546 coram
1458 1495 1683 1560 jehovah,
1716 1496 1851 1562 quod
1889 1496 2112 1562 fignificet
2147 1496 2517 1563 conjunetionem

513 1567 591 1624 fic,
626 1565 799 1615 constat
829 1582 888 1615 ex
910 1564 1235 1629 significatione
1255 1564 1522 1612 benedicam
1555 1563 1658 1621 tibi,
1690 1563 1819 1628 quod
1854 1563 1910 1612 fit
1940 1562 2172 1628 adJunGtio
2204 1566 2264 1614 ad
2287 1566 2411 1617 suam
2442 1571 2513 1618 vi·
2604 1561 2610 1569 ³

437 1636 440 1638 ’
512 1645 627 1691 tam,
667 1633 727 1680 de
760 1649 852 1697 qua
888 1631 1018 1696 supra
1059 1647 1089 1680 n
1114 1649 1127 1680 ε
1148 1647 1174 1695 3
1181 1647 1310 1692 504³
1355 1629 1430 1678 hic
1461 1630 1570 1694 quia
1605 1629 1791 1688 dicitur,
1827 1627 2094 1680 benedicam
2133 1631 2219 1680 tibi
2257 1648 2411 1682 coram
2435 1635 2516 1698 Je-

512 1699 681 1756 hovah,
714 1697 780 1746 est
814 1696 1110 1762 conjunEti03
1152 1694 1384 1760 adjunetio
1413 1696 1689 1758 praedicatur
1720 1696 1779 1743 de
1801 1697 2216 1746 communicatione
2245 1698 2342 1746 veri
2362 1698 2516 1749 Natu—

510 1766 614 1814 ralis
646 1780 754 1813 cum
787 1765 918 1812 Bono
940 1761 1225 1817 Rationalis;
1265 1761 1341 1809 sed
1382 1757 1645 1824 conjunetio
1674 1759 1732 1808 de
1761 1762 2177 1810 communicatione
2216 1761 2326 1812 boni
2361 1763 2513 1816 Natu-

507 1832 612 1880 ralis
642 1846 759 1878 cum
783 1832 914 1878 Bono
937 1826 1186 1877 Rationalis
1204 1848 1221 1883 ³
1262 1840 1368 1875 nam
1393 1824 1697 1890 paralelistnus
1736 1826 1854 1875 inter
1887 1828 2151 1876 Dominum
2182 1828 2236 1877 δε
2272 1829 2511 1882 hominem
2577 1860 2583 1868 ,

508 1898 643 1946 dat'ur
664 1897 815 1962 quoad
838 1895 1035 1944 coelestia
1065 1904 1173 1960 quae
1195 1892 1299 1942 sunt
1322 1893 1448 1951 boni,
1484 1909 1579 1942 non
1600 1892 1850 1942 secundum
1872 1889 2116 1956 spiritualia
2136 1908 2245 1958 quae
2268 1894 2372 1944 sunt
2387 1900 2514 1957 veri,-

511 1964 720 2014 videatur
752 1979 814 2012 n:
842 1967 895 2012 18
936 1980 981 2012 2.

579 2047 722 2096 3515.
758 2032 887 2078 Ante
903 1980 1108 2078 {nortem
1141 2043 1311 2083 meam,
1345 2024 1474 2090 quod
1498 2023 1722 2088 significet
1744 2023 1805 2074 ita
1827 2024 1972 2073 vitam
2002 2025 2050 2072 in
2071 2025 2299 2085 Naturali,
2336 2028 2512 2080 constat

508 2114 566 2147 ex
608 2097 934 2161 significatione
977 2096 1162 2152 mortis,
1210 2092 1339 2156 quod
1388 2091 1445 2140 sit
1489 2089 1761 2141 resuscitatio
1805 2091 1853 2146 in
1898 2092 2064 2151 vitam,
2117 2092 2176 2142 de
2227 2109 2320 2159 qua
2372 2093 2506 2163 supra

507 2182 576 2214 n:
700 2169 742 2214 8.
834 2181 865 2212 o
903 2199 914 2210 .

575 2181 719 2295 3354196.
754 2179 898 2278 ὅέτῑξ
918 2233 960 2278 8.
986 2245 1031 2293 9.
1045 2274 1050 2279 .
1063 2244 1136 2278 10.
1171 2227 1237 2274 Et
1265 2241 1374 2273 nunc
1383 2223 1460 2285 fili
1479 2227 1557 2281 mi,
1591 2224 1787 2290 aufhulta
1808 2225 1907 2272 voci
1926 2239 2043 2283 meae,
2077 2224 2139 2274 ad
2157 2226 2269 2292 quod
2283 2220 2357 2292 egb
2380 2241 2502 2291 prae-

498 2301 613 2360 cipio
636 2297 814 2344 tibimet.
883 2294 1003 2343 Vade
1030 2294 1164 2359 quaeso
1186 2292 1248 2342 ad
1271 2307 1460 2356 gregem,
1498 2291 1556 2342 ἐξ
1584 2293 1729 2354 accipe
1750 2290 1858 2340 mihi
1891 2290 2038 2341 exinde
2056 2291 2161 2340 duos
2181 2291 2322 2342 hedos
2342 2306 2499 2358 capra·

502 2380 599 2413 rum
620 2365 758 2420 bonos,
794 2361 1031 2424 &faciam
1051 2360 1144 2408 illos
1172 2359 1367 2423 cupedias
1394 2360 1523 2422 patri
1553 2367 1645 2416 tuo,
1681 2357 2018 2424 quemadmodum
2044 2368 2183 2407 amat.
2230 2361 2295 2409 Et
2315 2361 2503 2411 adducas

496 2433 626 2495 patri
656 2440 747 2487 tuo,
781 2428 838 2478 ἔθ’
859 2428 975 2485 edat,
1002 2437 1233 2490 propterea
1261 2435 1314 2474 ut
1348 2425 1563 2475 benedicat
1598 2425 1683 2474 tibi
1719 2434 1821 2473 ante
1853 2434 2027 2473 mortem
2048 2426 2190 2488 fitam.
2258 2425 2311 2475 N
2312 2442 2401 2476 unc
2432 2427 2503 2476 fili

502 2498 586 2554 mi,
620 2494 819 2544 ausculta
839 2495 944 2542 voci
967 2509 1101 2550 meae,
1136 2492 1194 2542 ad
1216 2492 1343 2557 quod
1367 2508 1458 2556 ego
1486 2491 1705 2556 praecipio
1737 2491 1934 2549 tibimet,
1967 2490 2193 2555 fignificat
2221 2490 2496 2542 desiderium

501 2565 552 2612 δι
585 2562 928 2610 delectationem
964 2571 1222 2624 perceptam
1257 2576 1285 2607 a
1305 2558 1481 2607 Divino
1500 2559 1628 2607 Vero
1661 2559 1709 2606 in
1733 2558 1910 2606 Divino
1931 2558 2162 2607 Rationali
2191 2573 2300 2623 erga
2319 2559 2497 2610 Verum
2552 2599 2554 2601 .

499 2628 745 2676 Naturale:
786 2626 915 2674 Vade
938 2625 1090 2689 quaeso
1120 2626 1178 2673 ad
1199 2638 1410 2689 gregem,
1443 2625 1665 2689 fignificat
1685 2624 1743 2672 ad
1765 2624 1943 2673 bonum
1970 2624 2170 2671 naturale
2191 2623 2495 2673 domesticum
2557 2619 2564 2626 ’

500 2711 593 2743 non
614 2691 912 2755 conjun6mm
934 2693 1111 2740 Divino
1132 2691 1385 2740 Rationali:
1423 2691 1476 2740 &
1498 2692 1652 2754 accipe
1675 2690 1788 2737 mihi
1820 2688 1986 2738 exinde
2018 2689 2134 2737 duos
2156 2688 2314 2737 haedos
2337 2705 2492 2754 capra·

495 2775 605 2808 rum
640 2758 802 2815 bonos,
837 2757 1059 2822 significat
1098 2757 1219 2806 illius
1257 2756 1370 2804 boni
1403 2770 1537 2804 vera:
1581 2758 1634 2804 δε
1652 2754 1829 2803 <faciam
1866 2754 1968 2801 illos
2004 2753 2216 2817 cupedias
2252 2757 2368 2819 patri
2408 2768 2493 2805 tuo

490 2824 891 2889 *quemadmodum
929 2835 1065 2879 amat,
1099 2823 1320 2885 significat
1341 2823 1468 2886 quod
1491 2822 1599 2869 inde
1630 2820 1805 2867 delitias
1836 2817 1999 2867 faciet:
2046 2821 2098 2867 δε
2131 2819 2328 2868 adducas
2367 2824 2485 2886 patri

491 2904 578 2941 tuo
613 2891 662 2938 &
698 2889 818 2945 edat,
852 2888 1074 2951 fignificat
1113 2889 1288 3000 &ivirio
1310 2887 1443 2935 Bono
1474 2886 1636 2934 Divini
1663 2885 1928 2941 Rationalis,
1960 2884 2012 2932 &
2037 2886 2485 2950 adpropriationem:

491 2969 729 3023 propterea
750 2965 802 3003 ut
825 2953 1057 3002 benedicat
1078 2952 1113 3000 ti
1147 2954 1180 3010 i,
1212 2952 1434 3016 fignificat
1454 2950 1825 3016 conjunetionem
1857 2950 1947 3000 sic:
1988 2963 2090 2999 ante
2113 2963 2311 3002 mortem
2341 2953 2484 3013 suam,

490 3023 710 3087 fignificat
737 3019 1112 3068 resuscitationem
1133 3020 1182 3066 in
1205 3017 1408 3066 naturali.
2236 3024 2241 3032 “

559 3105 701 3155 3517.
735 3089 877 3136 Nunc
917 3087 984 3134 fili
1019 3086 1103 3142 mi,
1137 3083 1335 3133 ausculta
1362 3084 1470 3131 voci
1493 3097 1643 3141 meae,
1661 3083 1717 3131 ad
1748 3084 1878 3147 quod
1905 3100 1995 3148 ego
2025 3085 2247 3148 praecipio
2281 3085 2481 3149 tibimet,

487 3158 615 3222 quod
654 3154 875 3218 significet
911 3152 1182 3201 desiderium
1204 3153 1254 3200 δε
1280 3150 1623 3199 delectationem
1645 3163 1905 3214 perceptam
1929 3168 1954 3198 a
1974 3152 2151 3199 Divino
2167 3152 2290 3200 Vero
2322 3155 2368 3200 in
2397 3155 2481 3202 Di·

487 3227 597 3275 vino
618 3220 845 3274 Rationali
862 3231 974 3285 erga
995 3234 1157 3268 verum
1190 3217 1408 3277 naturale,
1442 3215 1614 3268 constat
1650 3232 1676 3265 a
1706 3216 2095 3282 repraesentatione
2117 3217 2343 3269 Rebeccae
2373 3235 2483 3334 qh}

1630 3300 1634 3306 ·
2463 3299 2491 3332 c
