2872 3730
490 306 1967 400 162'G-ENESJS.

486 456 566 497 'vas
603 442 836 492 continens
875 457 968 490 non
1003 440 1149 490 modo
1186 440 1465 505 significatur
1505 439 1802 507 scientificum
1833 442 1879 489 in
1914 456 2010 506 quo
2035 456 2214 500 verum,
2251 441 2325 491 sed
2349 445 2490 494 etiam

492 527 660 560 verum
683 512 729 557 in
751 525 847 573 quo
869 508 1064 565 bonum,
1098 508 1304 556 videatur
1334 525 1393 557 n:
1423 509 1566 572 3068.
1594 526 1722 575 3079
1743 532 1759 565 ·,
1795 510 1866 557 hic
1899 510 2009 572 quia
2040 509 2098 556 de
2119 510 2372 558 initiatione
2393 514 2496 576 agi·

493 590 603 636 tur,
657 575 723 624 est
759 576 935 630 Verum
979 574 1109 637 quod
1153 574 1409 623 initiabatur
1455 574 1579 625 bono
1621 578 1827 631 Divino;
1885 576 1935 623 &
1977 577 2082 638 quia
2127 574 2275 639 ipsum
2313 577 2497 626 Verum.

496 643 718 708 nusquam
754 639 1048 704 conjungitur
1073 642 1203 688 Bono
1238 642 1320 689 nisi
1357 656 1438 706 per
1476 640 1763 690 affeffionem
1799 641 1942 698 suam,
1979 659 2036 690 n:
2065 659 2206 702 2024.
2233 659 2314 705 pr:
2343 646 2498 709 3067,¹

496 726 601 758 nam
643 710 690 756 in
729 708 962 756 affefflone
1002 706 1065 754 est
1101 708 1304 770 vitaper
1341 723 1482 771 quam
1520 705 1797 771 conjunftio,
1840 708 1944 756 ideo
1975 708 2048 756 hic
2082 708 2146 755 est
2186 708 2364 756 affestio
2395 712 2523 770 veri,

496 777 605 841 que
646 775 941 837 intelligitur:
978 785 1080 820 tum
1119 788 1176 820 ex
1213 773 1536 837 significatione
1558 773 1832 822 Canalis'seu
1866 773 2120 838 aqualiculi,
2158 775 2284 838 quod
2307 775 2360 822 fit
2382 777 2491 823 Veri

499 842 692 898 bonum,
727 856 839 904 aqua
861 841 985 886 enim
1018 841 1064 886 in
1086 839 1243 886 Canali
1267 839 1489 902 significat
1512 856 1691 896 verum,
1728 857 1788 888 n:
1815 855 1924 906 739.
1949 856 2096 905 2702,
2132 856 2182 887 ac
2203 839 2296 904 ipse
2329 843 2493 890 canalis

497 907 642 955 limile
680 922 731 954 ac
770 907 970 969 lignum,
1019 921 1183 968 nempe
1219 905 1413 964 bonum,
1465 903 1524 955 ni
1549 911 1693 972 2784.
1721 911 1885 962 2812·,
1920 907 2031 954 Veri
2054 907 2230 955 bonum
2263 907 2329 970 est
2364 910 2492 973 quod

495 973 768 1039 producitur
790 988 814 1019 a
838 971 968 1020 Bono
996 987 1078 1036 per
1099 972 1292 1029 Verum,
1326 973 1377 1020 ὅτ
1399 971 1463 1019 est
1486 973 1600 1021 ficut
1621 972 1770 1038 proles
1793 984 1895 1020 nata
1915 987 1973 1021 ex
1993 987 2105 1021 vero
2126 985 2181 1021 ut
2202 989 2228 1021 a
2250 986 2409 1032 matre,
2443 975 2496 1023 δε

499 1056 526 1088 a
550 1041 680 1088 Bono
718 1050 771 1085 ut
800 1054 824 1085 a
859 1049 1001 1102 patre,
1036 1053 1175 1085 omne
1212 1037 1390 1086 bonum
1430 1042 1683 1102 genuinum
1724 1039 1851 1102 quod
1890 1040 1938 1086 in
1978 1039 2167 1087 naturali
2211 1039 2396 1088 homine
2429 1041 2498 1091 est

457 1146 459 1148 .
495 1106 624 1162 inde,
674 1103 746 1151 seu
785 1119 844 1150 ex
882 1101 1100 1166 conjugio
1143 1104 1249 1150 boni
1285 1104 1335 1151 &
1373 1106 1472 1151 veri
1511 1107 1558 1153 in
1597 1105 1859 1161 Rationali;
1910 1105 1999 1154 hoc
2038 1105 2213 1153 bonum
2258 1105 2322 1155 est
2365 1107 2495 1171 quod

492 1182 690 1219 ¹vocatur
719 1171 812 1218 veri
853 1168 1046 1227 bonum,
1098 1169 1148 1216 δε
1191 1169 1469 1232 significatur
1511 1171 1560 1218 in
1597 1170 1754 1231 Verbo
1804 1187 1885 1235 per
1925 1171 2141 1219 Canalem
2183 1170 2257 1219 seu
2297 1173 2493 1237 Aquali-

489 1238 676 1285 ·culum.
1088 1264 1090 1266 v

488 1325 495 1334 ¹
570 1303 711 1368 3096.
746 1301 812 1350 Et
835 1301 1040 1350 currebat
1070 1301 1217 1350 adhuc
1249 1300 1306 1350 ad
1330 1313 1544 1366 puteum,
1577 1300 1705 1366 quod
1731 1300 1955 1364 fignificet
1984 1300 2270 1352 affefflonssem
2292 1303 2390 1352 veri
2422 1305 2492 1354 in·

500 1369 727 1425 seriorem,
774 1367 947 1416 constat
986 1384 1011 1416 a
1045 1368 1370 1432 fignificatione
1409 1370 1552 1432 putei,
1586 1367 1718 1432 quod
1752 1368 1807 1415 sit
1828 1383 2010 1425 verum,
2043 1368 2102 1416 de
2134 1375 2226 1433 qua
2255 1376 2318 1418 sn:
2346 1386 2502 1437 2702,

486 1436 572 1483 ‘sed
596 1441 756 1482 verum
788 1434 917 1498 quod
953 1433 1137 1483 inferius
1160 1434 1224 1483 est
1244 1457 1260 1491 ·,
1288 1436 1351 1483 ὗε
1375 1437 1483 1499 quia
1502 1434 1560 1482 de
1582 1435 1831 1482 initiatione
1851 1435 1950 1487 veri
1969 1435 2043 1483 hic
2066 1435 2499 1501 agitur-„fignifica-

485 1506 572 1550 itur
605 1500 784 1549 affeetio
817 1499 1001 1549 inferior
1034 1503 1149 1559 veri,
1183 1513 1236 1550 ut
1273 1516 1394 1562 nunc
1427 1500 1557 1565 supra
1590 1517 1620 1549 n
1641 1519 1651 1550 :
1674 1518 1800 1568 3095
1835 1502 2046 1550 diCtu'mz
2087 1516 2217 1566 quat«
2244 1501 2501 1553 differentia

485 1568 835 1632 ‘significationis
873 1565 1013 1615 fontis
1051 1568 1103 1616 δε
1141 1568 1267 1631 putei
1287 1568 1355 1615 *sit
1386 1568 1434 1614 in
1472 1567 1595 1615 sensu
1635 1568 1829 1624 interno,
1862 1568 2071 1615 videatur
2099 1570 2155 1615 in
2171 1598 2173 1600 -
2192 1565 2298 1616 loco
2317 1572 2489 1629 ‘citam

498 1635 626 1697 quod
666 1649 830 1696 nempe
868 1631 970 1681 fons
1005 1633 1184 1681 dicatur
1215 1649 1324 1681 cum
1344 1634 1507 1696 ⁴agitur
1541 1633 1598 1681 de
1620 1634 1791 1695 puriori
1823 1632 1874 1680 &
1897 1648 2005 1680 eum
2029 1633 2086 1680 de
2108 1633 2323 1698 superiori
2354 1645 2483 1694 vero,

498 1713 662 1764 puteus
697 1712 847 1747 autem
871 1707 980 1747 cum
1012 1699 1070 1746 de
1095 1715 1188 1746 non
1221 1700 1284 1747 ita
1314 1714 1432 1764 puro
1467 1700 1517 1747 &
1547 1714 1658 1747 cum
1680 1699 1737 1746 de
1760 1696 1958 1746 inferiori
1979 1713 2108 1756 vero,
2132 1706 2197 1748 ‘ut
2217 1710 2405 1765 quoque
2442 1703 2495 1751 in

487 1767 588 1815 ‘hoc
612 1766 789 1829 Capite,
825 1766 872 1813 in
894 1780 989 1830 quo
1011 1769 1134 1813 nunc
1166 1764 1334 1813 dicitur
1355 1763 1475 1822 fons,
1510 1779 1634 1813 nune
1668 1776 1865 1828 puteus3
1906 1765 2102 1813 naturale
2125 1781 2286 1815 verum
2319 1766 2386 1818 est
2416 1769 2488 1816 in—

484 1832 630 1880 ‘ferius
653 1846 831 1888 verum,
867 1831 918 1879 &
950 1830 1127 1879 affectio
1149 1832 1245 1879 veri
1267 1831 1477 1880 naturalis
1505 1831 1569 1880 est
1606 1830 1785 1880 affee‘tio
1809 1831 1902 1878 veri
1935 1830 2135 1890 inferior,
2168 1847 2226 1880 ex
2262 1832 2346 1880 hac
2381 1833 2488 1883 illu-
2554 1880 2557 1883 Α

495 1898 687 1946 strantur
706 1899 916 1962 proxime
938 1896 1179 1945 scientifica
1211 1899 1492 1955 communia,
1530 1913 1638 1962 quae
1672 1896 1907 1944 illustratio
1928 1897 2056 1960 quod
2075 1898 2493 1961 penetretuloerius

491 1966 541 2013 δι
565 1965 728 2013 afficiat
748 1965 962 2028 penitius,
997 1963 1205 2012 videatur
1236 1980 1267 2012 n
1286 1983 1298 2013 :
1316 1982 1463 2030 3094.

536 2091 543 2096 Ι
561 2046 705 2096 3097.
741 2031 808 2078 Et
830 2029 1062 2078 hauriebat
1084 2030 1300 2078 omnibus
1318 2031 1502 2079 camelis
1525 2029 1662 2087 illius,
1699 2029 1827 2094 quod
1849 2028 2073 2092 fignificet
2092 2045 2186 2094 qua
2207 2028 2486 2081 illustraban-

493 2108 568 2146 tur
591 2097 834 2145 scientifica
868 2097 1152 2154 communia,
1188 2096 1360 2145 constat
1390 2114 1415 2145 a
1439 2097 1764 2160 significatione
1787 2095 1979 2154 haurire,
2017 2096 2145 2160 quod
2167 2095 2222 2144 fit
2244 2097 2484 2158 instruere,

491 2175 592 2210 tum
617 2162 848 2220 illustrare,
883 2163 939 2210 de
961 2179 1052 2227 qua
1083 2179 1113 2210 n
1133 2181 1145 2211 ε
1165 2167 1308 2228 3058.
1337 2179 1459 2229 3071
1485 2185 1500 2220 3
1539 2164 1589 2210 δε
1621 2178 1647 2209 a
1669 2162 1991 2226 significatione
2019 2160 2318 2222 camelorum,
2353 2166 2486 2230 quod

489 2229 577 2276 lint
599 2229 842 2277 scientifica
870 2230 1150 2285 communia,
1185 2229 1244 2276 de
1266 2245 1358 2294 qua
1390 2247 1420 2278 n
1440 2249 1469 2279 :⁷
1478 2234 1622 2294 3048.

480 2298 483 2300 ’
560 2300 702 2361 3098.
740 2295 867 2360 Q¹ae
893 2312 919 2342 a
953 2311 983 2342 n
1003 2314 1014 2342 t
1037 2299 1161 2360 3088
1189 2294 1278 2343 huc
1301 2295 1442 2361 usque
1465 2298 1511 2344 in
1535 2295 1658 2343 sensu
1682 2294 1857 2342 interno
1880 2295 2188 2352 eontinentur,
2221 2295 2358 2343 etiam
2381 2296 2485 2346 talia

488 2361 606 2419 sunt,
647 2375 753 2426 quae
778 2378 870 2409 non
891 2363 990 2426 capi
1016 2373 1215 2426 queunt,
1249 2362 1331 2420 nifi
1361 2363 1419 2411 ab
1447 2363 1535 2410 illis
1560 2363 1640 2426 qui
1670 2361 1872 2410 instruffl
1905 2361 2007 2409 sunt
2039 2362 2097 2408 de
2125 2362 2309 2409 internis
2330 2361 2481 2411 homi-

474 2429 571 2484 nis,
606 2429 654 2475 &
692 2427 795 2475 sunt
832 2428 878 2475 in
900 2429 1034 2485 veris,
1077 2444 1181 2475 nam
1209 2434 1295 2494 'per
1315 2445 1422 2477 vera
1456 2430 1506 2478 &
1527 2427 1778 2497 secundum
1800 2443 1910 2475 vera
1927 2427 1993 2476 est
2021 2427 2289 2484 illustratio3
2330 2430 2481 2492 agitur

477 2493 542 2540 de
582 2495 730 2557 prima
768 2495 1013 2542 initiatione
1036 2495 1228 2542 Verissin
1262 2496 1482 2552 Bonum;
1523 2511 1646 2551 nam,
1682 2506 1735 2541 ut
1773 2495 1971 2551 dietum,
2007 2492 2156 2557 ipsum
2180 2496 2371 2542 Bonum
2393 2511 2481 2559 -per

484 2559 721 2606 Rationale
756 2561 906 2607 influit?
937 2561 983 2607 in
1005 2561 1238 2617 Naturale,
1272 2563 1332 2608 ita
1354 2577 1435 2625 per
1457 2562 1581 2608 viam
1604 2564 1848 2617 internam,
1878 2575 1930 2605 ac
1961 2559 2149 2606 illustrat
2171 2559 2247 2605 illa
2266 2572 2374 2621 quae
2396 2561 2477 2618 ibi,

483 2625 633 2687 ipsum
660 2640 819 2670 verum
855 2637 1006 2671 autem
1043 2627 1192 2672 influit
1226 2641 1308 2689 per
1328 2626 1520 2673 sensuale
1559 2627 1788 2688 imprimis
1818 2623 2000 2670 auditus
2030 2625 2082 2670 ὅτ
2104 2624 2223 2670 visus
2256 2624 2305 2669 in
2325 2625 2478 2674 Natu-

487 2688 591 2745 rale,
629 2691 689 2736 ita
713 2705 791 2750 per
816 2690 936 2736 viam
970 2703 1381 2746 externam-ortus
1417 2691 1511 2736 veri
1531 2690 1614 2735 ·est
1635 2689 1773 2745 inde,
1814 2689 1946 2751 quod
1981 2690 2115 2735 etiam
2153 2690 2297 2736 cuivis
2318 2691 2478 2752 -potest

473 2759 650 2803 'notum
675 2755 757 2801 effe
782 2754 812 2801 si
837 2755 1053 2814 refieflzit3
1095 2754 1170 2802 fed
1191 2755 1370 2803 nonest
1400 2754 1792 2818 conjunffloboni
1829 2755 1876 2801 &
1901 2756 1995 2801 veri
2028 2755 2107 2811 ibi,
2149 2754 2223 2802 sed
2245 2756 2292 2801 in
2316 2757 2473 2806 Ratio-

478 2821 607 2878 ·nali·‚
649 2836 787 2884 quare
817 2820 921 2867 inde
945 2835 1104 2867 verum
1141 2823 1369 2877 evocatur,
1405 2822 1520 2868 itae
1549 2818 1739 2867 naturali
1769 2819 1940 2882 sphaera
1971 2822 2016 2867 in
2040 2820 2330 2884 spiritualem,
2366 2836 2476 2872 nam

492 2889 662 2935 Verum
687 2884 1059 2951 conjungendum
1083 2888 1214 2934 Bono
1235 2886 1297 2933 est
1330 2885 1578 2950 spirituale:
1604 2887 1853 2949 vquomodo
1877 2885 1917 2951 se
1939 2886 2071 2934 habet
2094 2903 2202 2934 cum
2226 2887 2351 2936 Vero
2382 2892 2475 2955 pri-

473 2950 619 3001 ‘mum
643 2953 745 2999 inde
768 2964 972 3008 evocato,
998 2954 1044 2999 in
1069 2952 1137 2999 his
1161 2951 1374 3000 Veifibus
1408 2970 1433 3000 a
1456 2970 1484 3000 n
1506 2971 1516 3000 ε
1540 2957 1665 3015 3087
1692 2952 1747 2999 ad
1774 2969 1920 3017 3097,
1955 2955 2116 3015 agitur.

553 3037 695 3085 3099.
732 3016 974 3067 Verseffi.
1002 3036 1077 3068 22.
1122 3021 1185 3066 Et
1220 3021 1297 3067 vir
1316 3019 1587 3082 obstupescens
1616 3018 1698 3075 illi,
1735 3021 1945 3065 continens
1965 3022 2031 3081 ft,
2074 3019 2133 3065 ad
2150 3020 2379 3082 sciendum,
2415 3039 2479 3070 an

475 3085 801 3149 prosperaviffet
827 3084 1032 3148 Jehotub
1055 3086 1174 3132 viam
1188 3087 1331 3149 suam,
1360 3086 1435 3133 vel
1460 3102 1552 3132 non.
1626 3086 1686 3132 Et
1709 3084 1822 3146 fuit,
1854 3085 2015 3148 quando
2038 3087 2308 3146 abfilverunt
2331 3088 2477 3136 cameli

472 3155 635 3208 bibere,
672 3153 724 3200 δέ
763 3154 923 3212 aea-pit
946 3154 1019 3198 vir
1043 3153 1189 3199 monile
1222 3153 1337 3208 auri,
1372 3152 1588 3200 dimidium
1605 3151 1704 3209 stcli
1732 3152 1894 3212 pondus
1927 3153 2030 3213 ejus,
2066 3152 2121 3199 &²
2146 3153 2248 3199 duas
2282 3155 2473 3204 armillas

473 3222 604 3282 super
626 3235 772 3266 manus
799 3235 902 3281 ejus,
937 3218 1069 3265 decem
1102 3220 1202 3265 auri
1232 3218 1391 3279 pondus
1419 3234 1575 3264 earum.
1648 3218 1733 3263 Vir
1766 3217 2073 3280 obstupescens
2111 3219 2191 3274 illi,
2240 3223 2472 3269 continens

483 3281 542 3343 se,
578 3285 800 3349 fignificat
838 3284 1001 3332 statum
1041 3285 1340 3349 perceptionis
1379 3285 1531 3358 quoae}
1566 3283 1671 3332 illa:
1710 3284 1765 3331 acl
1788 3283 2018 3332 sciendum
2051 3301 2106 3332 an
2136 3284 2472 3349 prosperavisset

1174 3380 1177 3382 v
1452 3374 1455 3376 >
2261 3352 2467 3414 Jehovah
