2904 3750
496 214 630 282 524
987 184 1050 252 G
1140 184 1204 250 E
1294 179 1381 247 N
1461 179 1527 247 E
1617 178 1671 246 S
1757 181 1807 249 1
1890 181 1956 251 S.

493 321 635 369 homo
667 326 798 373 errat,
832 311 913 380 qui
936 314 1095 369 credit,
1132 312 1261 377 quod
1281 310 1515 360 Dominus
1552 327 1643 361 non
1684 311 2022 377 singulariffima
2058 316 2182 381 apud
2224 314 2468 366 hominem

493 384 754 451 praeviderit
776 383 825 430 &
851 379 1018 437 videat,
1043 381 1093 427 &
1117 377 1244 441 quod
1267 393 1357 425 non
1380 379 1425 425 in
1448 377 1799 442 fingulariffimis
1818 381 2074 445 praevideat
2098 383 2144 431 &
2172 382 2330 441 ducat,
2353 398 2463 431 cum

494 465 648 500 tamen
689 450 751 496 ita
788 445 830 495 se
869 447 1018 502 habet,
1053 444 1178 507 quod
1220 444 1518 507 praevidentia
1553 445 1606 494 &
1646 446 1934 510 providentia
1964 447 2159 495 Domini
2200 448 2256 497 sit
2286 451 2330 497 in
2360 466 2465 497 om-

494 518 621 566 nium
646 513 945 562 minutissimis
967 511 1417 573 fingulariffimorum
1438 511 1560 575 apud
1586 511 1839 568 hominem,
1876 514 1926 561 δε
1951 514 1995 560 in
2020 526 2114 562 tam
2141 515 2463 572 minutissimis,

495 595 548 630 ut
582 579 851 645 impossibile
887 578 939 625 fit
973 576 1125 640 aliqua
1155 577 1428 639 cogitatione
1459 578 1840 641 comprehendere
1871 595 2018 627 unum
2055 581 2271 642 myriadis
2295 582 2464 644 myria-

498 649 611 696 dum
636 647 816 694 illorum
844 666 857 700 ;
893 642 1235 706 unumquodvis
1270 645 1394 689 enim
1431 643 1676 690 minimum
1701 657 1991 692 momentum
2014 647 2124 693 vitae
2160 646 2352 694 hominis
2385 647 2464 693 ha-

499 715 575 761 bet
597 711 748 759 seriem
773 710 1189 772 consequentiarum
1212 708 1475 755 continuam
1498 709 1545 754 in
1582 719 1824 766 aeternum,
1856 710 1920 757 est
1958 711 2081 759 enim
2099 712 2467 776 Nunumquodvis

499 793 552 827 ut
573 779 847 843 principium
873 790 1048 823 novum
1072 773 1370 838 sequentium,
1405 774 1457 820 δε
1498 773 1558 820 fic
1593 775 1750 822 omnia
1789 775 1839 822 ὅτ.
1879 774 2053 838 singula
2090 789 2327 826 momenta
2352 778 2499 826 vitae‘

499 858 594 892 tarn
618 844 865 892 intellectus
888 856 1023 904 quam
1049 840 1292 888 voluntatis
1314 837 1408 901 ejus
1430 860 1444 895 3
1479 839 1529 886 ὅτ
1566 841 1675 903 quia
1695 839 1924 887 Dominus
1959 842 2016 887 ab
2039 853 2210 890 aeterno
2232 838 2466 906 praeiridst,

499 910 644 974 qualis
669 910 859 965 futurus,
895 909 942 953 &
967 907 1109 970 qualis
1133 908 1178 954 in
1198 917 1441 961 aeternum‚
1476 906 1648 953 constat
1674 906 1803 970 quod
1826 906 2118 955 Providentia
2141 908 2186 955 in
2217 907 2467 971 singularis-

500 978 622 1026 fimis
638 976 770 1030 adsit,
805 990 911 1037 quae
935 974 1048 1036 regit
1071 973 1121 1019 &
1143 972 1302 1028 fleetit,
1327 983 1381 1019 ut
1402 968 1599 1029 dietum,
1623 983 1675 1019 ut
1697 970 1796 1019 talis
1818 971 1891 1028 fit,
1917 972 1966 1019 δε
1991 971 2078 1020 hoc
2103 989 2183 1037 per
2205 974 2469 1021 continuam

501 1042 857 1090 moderationem
888 1039 1014 1086 liberi
1049 1037 1172 1102 ejus:
1209 1037 1283 1086 sed
1307 1037 1363 1085 de
1395 1037 1479 1085 hac
1514 1053 1579 1094 re,
1616 1053 1671 1086 ex
1706 1038 1882 1087 Divino
1904 1038 2097 1087 Domini
2134 1037 2465 1098 Misericordia,

502 1109 632 1174 plura
656 1108 698 1154 in
722 1106 1002 1170 sequentibus
1026 1105 1245 1152 dicentur.
1555 1142 1560 1146 .

575 1177 630 1238 38
641 1189 714 1235 55.
753 1173 898 1238 Qod
920 1170 1051 1218 exosa
1073 1170 1217 1226 Leah‚
1252 1170 1381 1235 quod
1403 1169 1624 1234 fignificet
1653 1170 1779 1235 quod
1819 1168 2001 1218 affectio
2036 1169 2134 1218 veri
2167 1170 2336 1219 externi
2375 1187 2482 1220 non-

501 1242 564 1287 ita
586 1241 717 1286 chara
737 1241 842 1301 quia
864 1239 1043 1301 longius
1065 1253 1090 1284 a
1110 1237 1302 1294 Divino,
1338 1236 1511 1284 constat
1532 1253 1558 1284 a
1581 1236 1905 1300 significatione
1925 1235 2088 1292 exosae,
2124 1237 2251 1300 quod
2280 1237 2336 1285 fit
2373 1252 2470 1285 non

505 1307 668 1360 chara3
707 1306 755 1351 ὅτ
793 1320 847 1351 ex
886 1303 1273 1367 repraesentatione
1294 1302 1423 1359 Leae,
1458 1302 1586 1366 quod
1622 1303 1676 1351 fit
1713 1301 1894 1350 affectio
1928 1304 2025 1349 veri
2059 1304 2249 1360 externi,
2283 1303 2343 1351 de
2376 1308 2469 1367 qua

504 1373 658 1435 prius:
694 1371 818 1434 quod
859 1386 964 1417 vera
1002 1381 1180 1416 externa
1218 1385 1244 1416 a
1266 1369 1438 1416 Divino
1460 1369 1705 1417 remotiora
1727 1368 1828 1426 sint,
1864 1383 2006 1432 quam
2045 1369 2234 1426 interna,
2269 1368 2468 1417 constare

501 1436 649 1501 potest
671 1453 726 1483 ex
748 1452 818 1492 eo,
851 1436 974 1498 quod
1000 1447 1179 1482 externa
1199 1434 1384 1482 existant
1406 1434 1462 1482 ab
1494 1436 1693 1491 internis,
1729 1434 1830 1482 sunt
1868 1436 1993 1482 enim
2034 1447 2216 1483 externa
2252 1436 2470 1499 imagines

504 1504 553 1549 &
580 1502 742 1550 sormae
764 1518 819 1549 ex
842 1501 1116 1563 myriadibus
1139 1502 1417 1548 internorum
1438 1500 1723 1565 compositae,
1759 1516 1866 1564 quae
1889 1512 1942 1548 ut
1963 1516 2110 1548 unum
2134 1499 2351 1565 apparent
2371 1523 2384 1555 ·,
2415 1501 2473 1549 δῦ

503 1571 612 1631 quia
633 1581 814 1614 externa
836 1569 938 1614 talia
958 1565 1076 1623 sunt,
1110 1566 1289 1628 longius
1312 1582 1337 1612 a
1357 1566 1530 1615 Divino
1553 1566 1671 1622 sunt,
1705 1582 1811 1614 nam
1835 1567 2062 1614 Divinum
2098 1566 2161 1614 est
2199 1565 2330 1632 supra
2362 1567 2467 1615 inti·

508 1650 638 1680 mum
665 1633 733 1679 seu
757 1636 801 1679 in
827 1632 1037 1696 supremo
1061 1652 1076 1686 ·,
1107 1632 1253 1678 influit
1276 1631 1506 1678 Dominus
1530 1647 1554 1678 e
1578 1630 1791 1694 supremo
1813 1632 1856 1677 in
1878 1632 2037 1678 intima
2060 1631 2274 1689 hominis,
2311 1633 2362 1679 δε
2386 1646 2473 1695 per=

504 1700 600 1745 haec
625 1700 667 1744 in
691 1696 781 1759 ejus
804 1699 1029 1751 interiora,
1066 1697 1114 1742 &
1139 1711 1220 1758 per
1242 1695 1341 1742 haec
1362 1696 1526 1742 iterum
1550 1696 1597 1742 in
1619 1707 1811 1751 externa,
1847 1695 1911 1742 ita
1932 1695 2141 1752 mediate,
2175 1696 2227 1743 &
2251 1708 2471 1761 praeterea

505 1767 640 1810 etiam
665 1762 951 1809 immediate:
988 1763 1035 1808 δε
1062 1762 1167 1823 quia
1189 1773 1368 1808 externa
1389 1759 1489 1807 sunt
1510 1761 1693 1823 longius
1715 1777 1741 1808 a
1763 1762 1954 1816 Divino,
1987 1760 2091 1808 ideo
2124 1762 2266 1809 etiam'
2298 1763 2466 1810 inordi-

505 1842 606 1875 nata
629 1828 729 1876 sunt
753 1827 1015 1891 respective,
1049 1842 1130 1874 nec
1154 1828 1214 1873 ita
1252 1827 1299 1873 in
1331 1826 1536 1873 ordinem
1563 1825 1604 1872 se
1627 1827 1770 1888 redigi
1794 1826 2029 1888 patiuntur
2050 1825 2166 1872 sicut
2187 1827 2390 1882 interna;
2425 1827 2476 1874 se

506 1895 638 1940 habet
664 1895 748 1941 hoc
772 1894 881 1940 ficut
906 1893 1084 1948 semina,
1119 1908 1225 1954 quae
1247 1893 1364 1938 intus
1388 1890 1655 1955 perfectiora
1676 1891 1776 1938 sunt
1798 1906 1938 1953 quam
1962 1903 2107 1946 extus,
2142 1906 2194 1938 ac
2216 1892 2336 1939 intus
2370 1903 2481 1940 tam·-

505 1958 718 2023 perfefiia,
754 1971 807 2006 ut
839 1959 941 2006 inde
975 1957 1221 2022 producere
1245 1959 1409 2021 poffint
1440 1968 1586 2005 totam
1620 1956 1819 2019 plantam
1853 1969 1931 2003 aut
1962 1968 2111 2004 totam
2148 1956 2354 2006 arborem
2389 1956 2486 2007 suo‹

503 2026 660 2072 ordine
683 2040 788 2072 cum
813 2023 930 2077 foliis
955 2025 1004 2072 &
1029 2022 1262 2079 frustibm,
1299 2038 1500 2085 quorum
1525 2021 1688 2069 formae
1711 2034 1905 2069 externae
1925 2019 2056 2070 facile
2078 2022 2272 2086 poffune
2294 2023 2403 2071 laedi
2437 2040 2473 2072 a·

504 2089 843 2153 quibuscunque
864 2087 1049 2153 injuriis,
1082 2089 1430 2136 nonautemita
1466 2089 1653 2135 internae
1689 2086 2243 2146 seuineimaese‘minum,
2277 2090 2476 2152 quaein.

505 2170 659 2205 natura
682 2159 886 2203 interiore
909 2156 962 2206 &1
985 2148 1247 2218 perfectiore
1280 2153 1413 2209 sunt3
1447 2154 1648 2201 fimiliter
1682 2153 1724 2201 se
1756 2153 1896 2201 habet«
1923 2167 2031 2200 cum
2057 2154 2252 2202 hominis
2285 2156 2466 2202 internis

507 2222 556 2268 &
583 2223 791 2277 externis,
824 2236 960 2284 quare
997 2222 1153 2275 etiam,
1190 2235 1296 2270 cum
1333 2230 1618 2284 regeneratur
1649 2218 1822 2276 homo,
1846 2219 2288 2282 prius-regeneratur
2311 2220 2480 2283 quoad>²
2508 2244 2510 2246 ·

503 2288 712 2335 rationale
735 2302 872 2349 quam
898 2286 1050 2350 quoad
1072 2284 1285 2342 naturale,
1321 2302 1351 2333 n
1377 2304 1388 2333 :
1418 2301 1563 2349 3493,
1598 2300 1648 2332 ac
1686 2285 1886 2333 naturale
1923 2286 1973 2333 &
2011 2284 2151 2332 serius
2184 2285 2245 2333 &.
2275 2287 2479 2353 aegriusf.

504 2353 608 2416 quia
631 2354 691 2400 ibi
714 2354 844 2416 plura
867 2351 1109 2400 inordinata
1130 2351 1248 2408 sunt,
1283 2366 1337 2399 ac
1356 2349 1526 2414 injuriis
1548 2367 1574 2398 a
1594 2352 1787 2416 vcor'pore
1821 2352 1873 2399 &⁴
1890 2366 1922 2406 *a
1951 2351 2127 2399 mundo
2149 2350 2379 2415 exposita:
2409 2351 2474 2400 ὅτι

504 2420 609 2481 quia
630 2420 705 2474 ita,
741 2418 906 2465 dicitur
928 2417 1053 2481 quod
1077 2417 1176 2465 haec
1213 2433 1304 2465 non
1342 2418 1404 2464 ita
1441 2418 1574 2465 chara
1612 2417 1728 2465 fint:
1764 2429 1988 2481 quantum
2011 2426 2164 2464 autem
2189 2417 2475 2465 concordant*

505 2500 611 2545 cum
638 2485 830 2539 internis,
867 2484 916 2531 &
942 2495 1163 2547 quantum
1187 2483 1456 2530 conducunt«
1472 2484 1529 2530 ad
1545 2485 1686 2531 viram
1707 2484 1759 2530 &⁷
1782 2483 1849 2530 ad..
1863 2482 2010 2530 visum
2034 2484 2316 2530 internorum
2338 2483 2384 2531 in
2406 2482 2486 2542 se,⁴

502 2562 554 2596 ut
578 2550 625 2596 &
651 2562 871 2610 quantum
895 2550 949 2595 ad
976 2550 1351 2612 regenerationem
1374 2549 1588 2604 hominis,
1629 2548 2121 2598 tantumetiamchara
2144 2547 2257 2595 sunt.

576 2615 716 2676 3856.
751 2615 815 2661 Et
836 2616 1011 2677 aperuit·
1030 2627 1210 2662 uterum
1234 2614 1367 2670 illius,
1401 2615 1528 2677 quod
1553 2615 1920 2677 fignificet·quod
1946 2614 2050 2660 inde
2072 2612 2483 2673 defitrinaeEccle-

506 2679 686 2733 siarum
722 2678 891 2725 constat
927 2695 982 2725 ex
1020 2679 1338 2741 significatione
1375 2683 1542 2743 aperire
1575 2693 1776 2734 uterum,
1813 2679 1884 2725 seu
1926 2680 2159 2741 concipere
2198 2679 2248 2738 &
2289 2681 2471 2740 parere‚.

505 2745 630 2807 quod
653 2744 707 2791 fit
729 2745 826 2790 fieri
845 2744 1058 2799 Ecclesia,
1092 2746 1140 2792 ὅτ
1167 2746 1272 2807 quia
1294 2744 1380 2791 hoc
1404 2745 1458 2791 fit
1479 2761 1563 2809 pen
1580 2744 1856 2800 doetrinalia,
1890 2760 1972 2807 per
1995 2745 2161 2807 aperire
2177 2753 2363 2789 uterum
2377 2740 2471 2802 sig—2

506 2811 743 2857 nificantur
766 2809 983 2855 dostrinae
1006 2809 1305 2857 Ecclesiarum
1325 2827 1335 2856 :
1373 2812 1500 2872 quod
1526 2825 1605 2872 per
1627 2811 1941 2871 conceptiones
1964 2809 2014 2854 δε
2048 2817 2199 2869 partus
2223 2806 2269 2852 in
2291 2805 2480 2862 Verbo,
2500 2812 2506 2821 ’

505 2875 812 2937 significentur
835 2874 1148 2936 conceptiones
1169 2875 1218 2920 ὅτ
1241 2885 1394 2935 partus
1418 2873 1683 2936 spirituales,
1699 2873 1852 2935 quales
1875 2870 1972 2917 sunt
1995 2885 2100 2917 cum
2127 2870 2269 2917 homo
2291 2887 2315 2917 e
2339 2887 2473 2918 novo

505 2940 708 2995 nascitur,
746 2940 949 2996 videatur
981 2955 1045 2985 n:
1078 2954 1214 2999 1145.
1247 2953 1387 2998 1255.
1431 2954 1484 2999 13
1495 2954 1571 2999 30.
1606 2942 1778 2998 2584::
1801 2936 2040 2999 quomodo
2080 2935 2177 2984 baec
2210 2936 2252 2982 se
2279 2935 2475 2993 habent„

505 3007 674 3069 pate-bit
696 3004 857 3051 abillis
881 3019 986 3066 quae
1011 3002 1401 3066 morsequuntur.

573 3076 712 3134 3857.
747 3069 812 3116 Et
834 3067 1194 3124 Rachelsterilis,
1232 3069 1354 3131 quod
1381 3066 1600 3129 significet
1631 3066 1755 3129 quod
1791 3067 1998 3114 interiora
2032 3083 2138 3114 vera
2172 3083 2258 3115 non
2292 3068 2471 3131 reci-pe«

499 3151 677 3193 rentur,
701 3135 870 3185 constat
894 3150 962 3184 ex,
976 3134 1360 3199 repraesentatione
1382 3131 1610 3190 Rachelis,
1644 3131 1770 3198 quod
1787 3132 1856 3204 ¹fit
1881 3133 2060 3182 affeffio
2089 3135 2184 3181 veri
2226 3135 2474 3246 interioriis,

738 3235 740 3238 ,
2440 3214 2478 3248 e..

836 3284 872 3333 5.
