2904 3750
645 224 1000 290 CAPUT
1045 221 1606 285 VIGESIMUM
1657 221 2104 292 SEXTUM.
2286 220 2430 316 305..

413 381 522 429 opes
553 372 635 429 per
670 364 768 420 illa,
797 363 910 411 tun‘c
945 377 1037 409 non
1077 359 1190 416 illis,
1218 358 1292 406 sed
1322 360 1494 408 honore
1515 360 1566 408 &
1590 359 1718 407 lucro
1741 357 1951 414 afficitur,
1988 359 2037 407 δι
2059 376 2110 407 ea
2141 358 2249 408 facit
2273 360 2435 408 media,

413 431 659 480 obtinenda
687 430 797 486 illa3
832 428 954 492 apud
995 425 1101 473 tales
1131 428 1180 473 in
1213 425 1345 472 altera
1368 429 1464 473 vita
1486 424 1754 474 auferuntur
1779 426 1897 471 bona
1921 427 1968 471 δι
1994 440 2116 482 vera,
2150 443 2257 489 quse
2283 427 2424 475 scive-

414 511 546 556 runt,
573 499 709 546 etiam
740 495 1065 559 praedicarunt,
1101 505 1148 540 at
1180 507 1311 539 amor
1334 491 1400 540 sui
1422 493 1473 540 δε
1499 492 1681 549 mundi,
1717 507 1774 538 ex
1796 490 1963 554 quibus
1985 491 2080 538 vita
2114 508 2293 550 eorum,
2329 508 2439 541 ma-

415 578 514 614 net.
575 564 654 611 Ex
689 561 759 610 his
797 559 999 608 constare
1037 558 1202 623 potest,
1250 558 1492 623 quomodo
1522 558 1565 606 se
1598 559 1733 606 habet
1763 574 1870 605 cum
1910 557 2036 605 bono
2062 558 2115 605 &
2137 575 2265 615 vero,
2298 559 2431 623 quod.

414 646 582 694 nempe
603 627 776 676 nemini
797 626 928 673 liceat
949 625 1007 673 ad
1031 625 1107 673 illa
1129 625 1340 673 accedere
1362 625 1597 673 affectione
1621 628 1670 675 &
1695 625 1813 683 fide,
1840 624 1875 672 fi
1898 641 1992 672 non
2015 626 2115 672 talis
2137 624 2211 681 fit,
2245 638 2298 672 ut
2320 641 2421 689 per·

417 711 596 746 manere
618 696 664 743 in
687 693 775 742 illis
796 705 932 757 queat
947 692 1005 740 ad
1029 692 1178 741 finem
1197 694 1309 741 vitae
1330 691 1423 740 suae
1443 715 1459 749 ·,
1494 694 1575 757 qui
1599 707 1749 741 autem
1773 691 2077 757 prophanant,
2111 691 2303 740 detineri
2323 692 2438 740 inde.

417 781 473 813 ne
507 773 661 810 neunt.

473 781 630 894 c3403.
666 825 808 876 Vers:
845 844 917 878 12.
949 845 1021 893 13.
1056 845 1128 890 14.
1189 829 1252 876 Et
1281 826 1726 891 seminavit·Jifi·bak
1759 829 1808 875 in
1842 837 1963 875 terra
1986 826 2081 884 illa,
2118 825 2173 876 ἐξ
2197 826 2364 874 invenit
2385 827 2441 873 in>

415 914 526 947 auno
561 896 634 943 illo
674 905 836 942 centum
871 897 1103 959 mensuras,
1153 895 1210 944 ξεῖ
1244 895 1454 945 benedixit
1493 897 1532 943 ei
1554 894 1777 958 Jehovaha
1848 896 1912 942 Et
1950 895 2089 941 crevit
2125 895 2219 950 vir,
2254 893 2311 943 &3
2342 895 2432 940 ivit

416 963 549 1014 eundo
570 963 626 1012 ΕΞ
650 962 879 1026 crescendo,
914 963 1040 1027 usqtce
1062 973 1111 1010 ut
1134 978 1311 1025 magnus
1322 962 1476 1025 fabius
1497 961 1638 1009 valde.
1691 963 1756 1009 Et
1766 961 1866 1025 fuit
1888 963 1927 1009 ei
1946 960 2161 1026 acquisitio
2179 962 2340 1024 gregis,
2376 958 2437 1010 &³

416 1030 634 1096 acqusfitio
657 1031 859 1086 armenti,
893 1029 950 1078 ΕΞ
971 1030 1204 1093 servitium
1234 1028 1447 1085 multum·,
1484 1029 1541 1079 &²
1562 1027 1814 1076 invidebant
1838 1030 1875 1076 ei
1897 1027 2123 1089 Philtstaei.
2180 1028 2440 1075 Seminaviu

418 1096 604 1161 Jischak
642 1098 689 1144 in
712 1096 940 1153 termina,
978 1096 1199 1160 fignificat
1235 1112 1342 1144 vera
1379 1097 1590 1144 interiora
1626 1097 1882 1159 apparentia
1918 1095 1975 1142 ad
2014 1094 2243 1152 rationale,
2278 1108 2386 1158 quae
2409 1111 2439 1143 a

391 1166 659 1214 -Dominoz
696 1163 944 1210 &invenit
977 1164 1024 1210 in
1058 1180 1177 1211 anno
1207 1163 1286 1211 illo
1326 1176 1522 1210 centum
1555 1161 1799 1220 mensuras,
1834 1161 2059 1225 significat
2080 1161 2404 1209 abundantiam
2419 1179 2440 1210 :2

421 1233 472 1281 &
497 1230 727 1279 benedixit
747 1231 788 1276 ei
811 1229 1046 1290 Jehovah,
1071 1229 1295 1293 significat
1331 1229 1486 1293 quoad
1529 1228 1705 1277 bonum
1745 1231 1913 1277 amoris
1951 1229 1996 1276 in
2038 1229 2158 1276 inis:
2194 1228 2261 1276 Et
2291 1229 2442 1276 crevit

421 1300 511 1354 vir,
547 1298 705 1344 &ivit
726 1296 879 1343 eundo
901 1297 951 1344 ὅτ
974 1295 1229 1353 crescendo,
1267 1295 1405 1360 usque
1435 1309 1489 1344 ut
1529 1311 1724 1360 magnus
1756 1294 1900 1344 faetus
1933 1294 2083 1352 valde,
2119 1295 2342 1359 fignificat
2365 1295 2441 1342 in·-

424 1375 681 1412 crementa:
718 1362 785 1411 Et
815 1361 904 1410 fuit
935 1364 976 1410 ei
1012 1363 1245 1427 acquisitio
1278 1363 1432 1427 gregis
1454 1364 1505 1411 δε
1530 1362 1766 1428 acquisitio
1793 1363 2005 1420 armenti,
2040 1361 2261 1426 fignificat
2282 1362 2440 1426 quoad

423 1431 601 1480 bonum
638 1431 843 1486 interiuS,
879 1431 924 1477 &
950 1431 1104 1494 quoad
1141 1430 1318 1478 bonum
1357 1431 1584 1478 exterius:
1621 1431 1671 1478 δε
1695 1429 1931 1478 servitium
1956 1429 2178 1485 multum,
2213 1429 2442 1493 fignificat

424 1498 530 1546 inde
552 1511 748 1545 verum:
785 1497 1126 1546 &invidebant
1146 1499 1190 1545 ei
1211 1495 1470 1554 Philistaei,1
1493 1496 1720 1560 fignificat
1754 1497 1885 1561 quod
1921 1498 2004 1561 qui
2043 1497 2091 1543 in
2131 1495 2309 1544 scientia
2348 1495 2444 1545 sola

424 1565 745 1628 cognitionum
769 1579 862 1610 non
885 1577 1134 1626 caperent..
2033 1578 2041 1583 ·

496 1647 640 1695 3404.
676 1630 927 1677 Seminavit
949 1629 1136 1691 Jischak
1159 1631 1205 1677 in
1231 1642 1347 1678 terra
1369 1630 1459 1688 illa,
1494 1630 1623 1694 quod
1656 1629 1881 1693 significet
1909 1647 2015 1679 vera
2051 1630 2262 1679 interiora
2300 1643 2440 1694 appa·-

426 1698 570 1747 tentia
605 1695 662 1744 ad
702 1695 933 1753 rationale,
968 1711 1076 1760 quae
1107 1713 1134 1744 a
1157 1697 1383 1754 Domino,
1419 1697 1592 1745 constat
1623 1713 1650 1745 a
1681 1697 2006 1762 significatione
2047 1697 2280 1754 seminare,
2314 1696 2444 1761 quod

424 1765 480 1815 fit
513 1765 560 1811 in
599 1761 812 1827 supremo
850 1761 974 1811 sensu
1002 1764 1233 1812 Divinum
1263 1764 1443 1812 Ver-um
1478 1764 1607 1829 quod
1642 1780 1670 1812 a
1703 1765 1912 1814 Domino
1951 1765 2053 1827 Qui
2091 1763 2156 1812 est
2202 1762 2447 1821 seminans,

425 1849 486 1882 n:
516 1834 662 1895 3038,
698 1831 746 1878 in
785 1827 908 1878 sensu
946 1832 1124 1879 interno
1157 1830 1221 1879 est
1251 1847 1413 1879 verum
1448 1833 1497 1880 ὅτ
1523 1831 1698 1879 bonum
1723 1831 1846 1895 apud
1869 1832 2127 1889 hominem,
2162 1830 2292 1895 quod
2315 1831 2444 1887 inde,

427 1916 490 1946 n:
517 1912 681 1961 3373,
716 1897 767 1944 &
790 1911 815 1943 a
838 1896 1165 1959 significatione
1185 1910 1333 1956 terrae,
1369 1899 1497 1962 quod
1534 1899 1624 1948 sint
1658 1898 1887 1947 rationalia
1921 1915 2029 1963 quae
2067 1915 2093 1946 a
2128 1899 2305 1945 Divino
2339 1897 2443 1945 illus·

427 1964 560 2013 strata
595 1961 699 2010 sunt
736 1964 1012 2027 apparentiae
1048 1965 1163 2021 ver-i,
1197 1981 1260 2014 n:
1287 1965 1434 2030 3368,
1469 1964 1544 2014 seu
1566 1966 1697 2030 quod
1721 1966 1875 2023 idem,
1897 1967 2018 2014 Vera
2056 1966 2267 2013 interiora
2305 1980 2446 2029 appa·

428 2030 570 2080 nentia
591 2029 648 2077 ad
672 2029 902 2086 rationale,
938 2046 1046 2095 quae
1068 2047 1093 2078 a
1114 2032 1324 2080 Domino
1343 2054 1359 2088 ·,
1392 2048 1502 2096 quae
1525 2034 1800 2098 apparentiae
1824 2032 1898 2081 seu
1931 2049 2039 2098 quae
2061 2048 2170 2080 vera
2190 2030 2294 2080 sunt
2315 2031 2445 2095 supe-

431 2099 568 2146 n‘oris
599 2095 787 2161 gradus,
821 2111 928 2143 nam
952 2096 1093 2161 usque
1116 2097 1172 2145 ad
1196 2097 1336 2146 Vers:
1370 2116 1429 2157 14
1453 2099 1511 2145 de
1532 2099 1623 2146 illis
1644 2102 1692 2146 in
1715 2099 1839 2148 sensu
1863 2103 2042 2148 interno
2062 2100 2214 2164 agitur
2235 2121 2251 2156 ;
2287 2100 2334 2146 in
2358 2098 2459 2146 illis.

430 2165 526 2212 veri
549 2164 816 2227 apparentiis
840 2162 942 2211 sunt
965 2164 1156 2228 Angeli,
1193 2164 1240 2212 δε
1267 2165 1369 2212 sunt
1393 2164 1502 2212 tales
1529 2178 1582 2212 ut
1599 2165 1881 2215 intellectum
1906 2167 2123 2224 hominiS‚
2158 2167 2384 2230 quamdiu
2407 2167 2445 2212 is

430 2232 550 2278 vivit
590 2233 635 2278 in
677 2230 871 2287 mundo,
925 2230 1201 2279 immensum
1240 2230 1565 2280 transcendant.
1638 2231 1712 2280 Ut
1735 2231 1884 2279 adhuc
1907 2232 2108 2280 constare
2143 2234 2294 2295 potiit,
2329 2232 2446 2296 quid

433 2298 708 2360 apparentiae
746 2297 859 2352 veri,
905 2297 958 2344 fit
994 2314 1179 2362 quoque
1216 2297 1305 2346 hoc
1344 2298 1612 2362 exemplum
1631 2321 1659 2354 ;·.
1683 2311 1847 2346 notum
1872 2298 1954 2356 est,
1989 2298 2118 2362 quod
2139 2299 2370 2346 Divinum
2390 2297 2448 2345 fit

433 2365 674 2411 Infinitum
706 2363 855 2426 quoad
880 2363 999 2420 Effe,
1035 2365 1092 2411 ab
1115 2365 1363 2412 AEternum
1399 2365 1553 2429 quoad
1586 2364 1816 2422 Existere,
1858 2366 1909 2413 δι
1943 2365 2073 2429 quod
2120 2364 2308 2412 finitum
2351 2379 2447 2414 non

436 2445 590 2494 capax·
615 2429 672 2477 fit-
705 2430 1087 2493 comprehendere
1121 2431 1380 2488 Infinitum,
1431 2434 1529 2478 imo
1565 2447 1647 2479 nec
1669 2432 1938 2488 AEternum,
1973 2447 2079 2480 nam
2097 2431 2347 2478 AEternum
2380 2429 2446 2477 est

430 2497 670 2546 Infinitum
694 2495 846 2560 quoad
868 2496 1099 2554 Existere,
1125 2499 1174 2545 ὅτ.
1199 2499 1308 2561 quia
1331 2497 1484 2562 Ipsum
1508 2499 1735 2546 Divinum
1760 2497 1825 2545 cst
1846 2497 2088 2546 Infinitum
2108 2497 2159 2545 ὅτ.
2175 2497 2450 2554 AEternum,

431 2565 570 2612 etiam
605 2561 707 2609 sunt
731 2563 887 2610 omnia
919 2578 1026 2626 quae
1050 2565 1275 2611 aDivino
1307 2565 1485 2612 infinita
1513 2565 1562 2612 &
1596 2580 1782 2629 quoque
1815 2577 2002 2622 aeterna,
2037 2567 2088 2612 δε
2109 2565 2230 2628 quia.
2250 2563 2444 2620 infinita,

431 2644 718 2693 nequaquam
755 2629 939 2693 poffunt
976 2629 1033 2677 ab
1069 2631 1271 2694 Angelis
1314 2632 1433 2694 capi,
1484 2633 1705 2695 quoniam
1753 2631 1786 2678 ii
1824 2631 1944 2678 finiti
1982 2630 2119 2687 sunt;
2167 2642 2445 2694 quapropter

433 2695 646 2744 fistuntur
669 2696 746 2743 illa
765 2711 873 2759 quae
905 2696 1081 2744 infinita
1102 2698 1152 2744 δε
1175 2710 1342 2745 aeterna
1364 2696 1466 2745 sunt
1488 2713 1643 2745 coram
1676 2697 1764 2745 illis
1797 2701 1845 2748 in
1868 2698 2178 2762 Apparentiis,
2211 2712 2320 2761 quae
2343 2696 2445 2748 sunt

436 2763 598 2820 finitae,
633 2761 708 2810 sed
728 2761 869 2826 usque
891 2763 1143 2821 intalibuS,
1178 2780 1285 2827 quae
1309 2764 1564 2828 longiffime
1595 2764 1727 2829 supra
1765 2763 1989 2829 sphaeram
2032 2763 2446 2828 comprehensionis
2516 2758 2527 2769 ⁸

439 2829 638 2877 hominis
666 2829 803 2885 sunt,
839 2842 892 2876 ut
915 2846 1000 2893 pro
1022 2831 1254 2894 exemplo,
1290 2831 1434 2879 homo
1455 2830 1677 2896 nusquam
1704 2831 1852 2897 potest
1882 2832 2081 2897 aliquam
2115 2832 2263 2879 ideam
2282 2830 2458 2885 aetemiv.

437 2895 597 2942 habere
634 2896 716 2943 nifi
752 2911 812 2943 ex
851 2908 1075 2961 tempore,
1110 2899 1168 2945 δι.
1192 2899 1310 2961 quia.
1330 2897 1379 2945 id
1410 2914 1504 2946 non
1542 2897 1707 2964 potest,
1743 2915 1836 2946 non
1875 2897 2267 2963 comprehendere¹
2295 2896 2444 2961 potest

438 2962 552 3024 quid
575 2962 632 3010 ab
657 2976 846 3020 aeterno,
882 2965 944 3010 ita
964 2965 1078 3027 quid
1099 2964 1329 3012 Divinum
1353 2977 1455 3012 ante
1476 2964 1660 3030 tempus
1682 2964 1757 3012 seu
1785 2976 2025 3029 antequam
2047 2964 2248 3013 mundus
2270 2976 2444 3012 creatus

438 3026 534 3083 est·,
567 3028 618 3075 &
652 3029 887 3093 quamdiu>
915 3031 1181 3094 cogitationi
1219 3029 1315 3095 ejus
1347 3030 1460 3079 inest
1493 3031 1666 3096 aliquid
1703 3031 1820 3080 ideae
1857 3048 1916 3080 ex
1948 3045 2171 3095 tempore,
2221 3030 2456 3094 nusquam}

440 3093 568 3140 aliter
599 3094 779 3156 potest„
796 3111 954 3160 quam,
989 3097 1023 3144 fi
1047 3098 1223 3161 cogitat
1242 3098 1302 3146 de
1323 3098 1428 3157 illo,
1455 3097 1546 3146 labi
1569 3101 1617 3146 in
1649 3114 1836 3156 errones,
1870 3099 2116 3162 exquibus
2136 3098 2342 3145 extricari
2363 3111 2455 3142 ne·

440 3160 578 3221 quit3
612 3159 687 3206 sed
709 3163 922 3224 Angelis,
957 3165 1039 3226 qui
1062 3180 1155 3212 non
1179 3167 1226 3212 in
1249 3165 1348 3212 idea
1384 3166 1607 3229 temporis
1643 3165 1763 3222 sunt,
1798 3164 1942 3213 sedin
1967 3165 2243 3220 idea.status-,
2278 3176 2443 3225 quam-

439 3225 622 3288 optime
648 3225 697 3273 id
728 3226 865 3276 datur
882 3231 1126 3299 percipere,
1162 3247 1266 3280 nam
1291 3246 1518 3282 aeternum
1542 3248 1635 3282 non
1655 3231 1831 3283 estillis
1855 3244 2076 3282 aeternum
2098 3230 2343 3292 tempori&
2367 3225 2442 3273 sed

1062 3305 1067 3308 ·
1443 3298 1503 3356 Q
1523 3314 1566 3361 q,
2224 3306 2464 3342 aeternum:
