2872 3730
485 224 565 287 28
845 179 1964 295 ”GEJVE'S-JS.

482 345 613 393 habet
649 362 910 395 crumenam
942 348 1084 405 tollat,
1122 347 1321 394 similiter
1359 346 1494 392 etiam
1536 359 1706 410 peram,
1742 346 1820 409 qui
1848 361 1954 393 vero
1990 362 2083 394 non
2122 346 2272 405 habet,
2311 348 2480 397 vendat

484 412 749 460 vestimenta
786 412 877 470 sua,
914 415 962 461 ὅτ
1004 425 1114 462 emat
1149 414 1381 467 Gladium,
1434 412 1500 459 illi
1540 413 1768 470 dixerunt,
1815 413 2034 470 Domine,
2079 429 2181 462 ecce
2221 415 2371 463 Gladii
2411 416 2483 461 hic
2547 415 2550 417 ’

486 478 583 544 duo,
634 479 707 543 sed
745 480 872 541 Jesus
913 480 1053 537 dixit,
1107 479 1316 536 sufficit,’'
1355 494 1468 546 xxxi
1492 497 1503 525 ·.
1531 479 1606 542 36.
1637 495 1711 543 37.
1741 482 1833 542 383
1886 479 1965 526 ubi
2011 495 2092 543 per
2128 479 2351 528 Gladium
2390 497 2484 528 non

489 545 611 591 aliud
648 547 916 609 intelligitur
958 562 1098 610 quam
1138 547 1345 601 Verum,
1395 561 1452 591 ex
1495 561 1592 608 quo
1632 549 1679 592 &
1729 559 1814 608 pro
1859 561 1954 608 quo
1994 544 2262 611 pugnarent.
2333 547 2482 611 Apud

490 609 769 668 Hoscheam,
807 618 838 640 “
865 613 1070 675 Pangam
1094 613 1156 659 eis
1180 609 1331 659 foedus
1357 612 1402 657 in
1427 611 1499 657 die
1530 610 1610 658 illo
1641 624 1750 658 cum
1775 608 1865 658 fera
1888 613 2001 674 agri,
2038 613 2086 659 ὅτ
2111 628 2218 659 cum
2243 614 2315 676 avi
2339 614 2483 660 coelo-

490 686 612 734 rum;
649 678 697 725 ὅτ
723 678 867 741 reptili
894 678 1037 735 humi,
1075 679 1123 725 &
1149 694 1308 733 arcum,
1346 678 1394 724 &
1411 676 1622 738 gladium,
1658 678 1706 724 &
1741 676 1888 724 bellum
1925 676 2130 740 frangam
2171 679 2228 725 de
2266 692 2395 735 terra,
2433 681 2481 726 ὅτ

493 742 652 791 faciam
693 745 852 793 cubare
888 761 963 791 eos
999 743 1327 801 confidenter,”
1366 760 1434 790 11:
1468 749 1542 799 18,
1593 742 1672 790 ubi
1712 743 1769 789 de
1810 744 1976 807 Regno
2014 745 2225 800 Domini,
2262 761 2342 808 per
2365 745 2484 792 fran-

492 824 596 872 gere
626 826 798 867 arcum,
834 810 1056 874 gladium,
1095 810 1142 857 &
1169 809 1356 865 bellurn,
1393 809 1684 873 significatur,
1723 808 1851 872 quod
1884 809 2006 856 nulla
2029 810 2090 856 ibi
2114 825 2271 873 pugna
2294 811 2350 858 de
2374 812 2483 858 doc-

423 901 426 904 ·
493 877 607 923 trina
629 877 678 924 &
700 892 822 923 vero.
894 877 1041 940 Apud
1065 876 1268 936 josuam,
1307 881 1340 902 “
1364 875 1501 935 Josua
1525 875 1689 922 levavit
1728 874 1884 922 oculos
1908 874 2025 931 suos,
2061 876 2110 922 ὅτ
2135 877 2268 933 vidit,
2284 866 2354 924 ’ὅτ
2379 894 2483 925 ecce

493 943 565 988 vir
602 942 718 989 stans
756 959 780 990 e
821 944 1003 1006 regione
1039 941 1234 1005 ejus,÷&
1259 941 1440 990 Gladius
1472 944 1729 1004 evaginatus
1762 943 1806 987 in
1844 958 1971 988 manu
2011 943 2130 1004 qjusf,
2169 942 2284 989 dixit
2322 943 2377 990 ad
2400 945 2483 1005 Jo-

492 1006 634 1064 suam,
669 1009 777 1071 Ego
816 1011 1023 1073 princeps
1061 1009 1282 1056 exercitus
1306 1008 1527 1069 Jehovae;
1563 1008 1613 1055 ὅτ
1636 1007 1797 1054 cecidit
1821 1006 1958 1068 Josua
1998 1007 2127 1070 super
2163 1007 2325 1055 faciem
2362 1009 2485 1057 suam

491 1073 550 1120 -ad
588 1076 802 1131 terram,''
839 1091 903 1122 v:
936 1092 1008 1137 13.
1041 1092 1116 1133 14,
1151 1073 1487 1136 haec,‘quando
1511 1072 1648 1135 Josua
1689 1088 1797 1121 cum
1835 1073 1938 1119 filiis
1977 1074 2142 1120 Israelis
2183 1075 2397 1137 ingreffus
2438 1078 2485 1123 in

493 1150 656 1186 terram
680 1141 953 1198 Canaanem,
988 1156 1069 1202 per
1102 1155 1208 1202 quae
1248 1139 1519 1200 intelligitur
1555 1140 1763 1186 introitus
1807 1139 2013 1185 fidelium
2057 1140 2102 1185 in
2141 1140 2360 1203 Regnum
2385 1142 2486 1204 Do·

492 1206 624 1262 mini,
676 1206 852 1254 Verum
890 1221 1115 1270 pugnans,
1167 1204 1293 1268 quod
1330 1204 1560 1259 Ecclesiae,
1613 1204 1676 1269 est
1713 1204 1905 1251 Gladius
1952 1207 2214 1266 evaginatus
2255 1208 2300 1252 in
2348 1223 2486 1254 manu

492 1272 709 1336 principis
742 1270 960 1319 exercitus
985 1271 1190 1332 Jehovae.
1263 1271 1410 1334 Qod
1445 1282 1597 1317 autem
1638 1284 1718 1333 per
1755 1269 1977 1332 gladiolos
2017 1268 2086 1317 seu
2128 1269 2315 1328 cultrOS,
2353 1272 2489 1336 figni-

489 1336 656 1393 ficetur
677 1338 852 1390 Verum
876 1337 1000 1393 fidei,
1037 1337 1235 1384 constare
1259 1335 1405 1400 potest
1428 1337 1550 1392 inde,
1587 1348 1689 1383 tum
1724 1335 1852 1399 quod
1892 1335 2207 1383 adhiberentur
2227 1354 2319 1385 non
2345 1339 2489 1387 modo

493 1402 540 1449 in
566 1402 819 1460 Sacrificiis,
857 1402 931 1450 sed
966 1403 1099 1451 etiam
1138 1404 1186 1449 in
1221 1402 1592 1460 Circumcifione,
1629 1402 1675 1448 in
1700 1400 1781 1449 hac
1817 1399 1999 1449 fuerunt
2023 1412 2079 1448 ex
2102 1401 2268 1466 lapide,
2303 1406 2352 1452 ὅτ
2378 1404 2488 1453 dieti

491 1468 681 1533 gladioli
715 1481 962 1532 petrarum,
997 1480 1050 1516 ut
1088 1480 1213 1533 patet
1250 1469 1371 1532 apud
1396 1469 1599 1529 Josuam,
1655 1473 1688 1495 “
1712 1468 1846 1515 Dixit
1868 1467 2075 1529 Jehovah
2098 1469 2153 1516 ad
2179 1469 2382 1530 Josuam,
2419 1469 2490 1520 fac

491 1533 575 1581 tibi
612 1535 817 1597 gladiolos
844 1546 1085 1597 petrarum,
1120 1535 1171 1582 ὅτ
1201 1536 1327 1590 itera,
1363 1534 1638 1581 circumcide
1683 1533 1799 1580 filios
1840 1534 2008 1580 Israelis
2046 1533 2272 1592 secundo:
2308 1537 2358 1584 &
2383 1535 2490 1586 fecit

493 1599 574 1647 fibi
596 1599 734 1661 Josua
763 1601 970 1665 gladiolos
999 1611 1241 1663 petrarum,
1279 1600 1327 1647 &
1365 1598 1654 1646 circumcidit
1677 1598 1797 1646 filios
1818 1598 1984 1646 Israelis
2018 1599 2074 1646 ad
2111 1596 2486 1666 collem'praepu-

491 1666 715 1723 tiorum,”
749 1683 782 1713 v
802 1686 812 1716 ε
839 1684 881 1717 2.
912 1685 937 1731 3
962 1689 975 1723 ·,
1012 1666 1138 1730 quod
1161 1665 1460 1715 Circumcifio
1482 1665 1618 1713 fuerit
1647 1663 2060 1729 repraesentativum
2082 1666 2410 1731 purificationis
2432 1670 2489 1716 ab

493 1747 646 1780 amore
686 1731 751 1780 sui
788 1733 840 1781 ὅτ
880 1733 1060 1790 mundi,
1096 1732 1304 1780 videatur
1326 1749 1386 1780 n:
1416 1750 1558 1796 2039.
1587 1732 1732 1795 2632,
1767 1746 1873 1795 quae
1895 1731 2165 1795 purificatio,
2203 1735 2310 1796 quia
2333 1734 2387 1782 fit
2410 1751 2490 1799 per

495 1813 602 1845 vera
639 1798 764 1856 fidei,
813 1799 916 1847 ideo
954 1799 1144 1863 gladioli
1183 1811 1430 1863 petrarum,
1467 1815 1524 1846 n:
1554 1814 1681 1862 2039
1705 1795 1738 1843 f.
1767 1798 1913 1858 2046,
1944 1795 1976 1845 f.
2036 1798 2096 1846 ΙΙ.
2133 1799 2264 1862 Qod
2309 1801 2490 1850 Gladius

478 1864 691 1927 significet
725 1867 1001 1925 vastationem
1037 1868 1150 1922 veri,
1186 1864 1359 1913 constat
1397 1864 1453 1912 ab
1487 1864 1556 1911 his
1593 1864 1721 1920 lociS‚
1769 1864 1891 1928 apud
1930 1863 2124 1922 Esaiam,
2175 1870 2209 1891 “
2241 1866 2354 1914 Duo
2389 1867 2489 1916 haec

493 1932 702 1987 evenient
730 1931 829 1988 tibi,
866 1933 967 1996 quis
991 1931 1228 1979 condoleat
1253 1931 1353 1992 tibi,
1389 1931 1580 1991 Vastatio
1620 1931 1671 1978 ὅτ
1703 1930 1948 1988 Contritio,
1983 1931 2032 1978 ὅτ
2056 1929 2195 1985 fames
2219 1932 2269 1979 &
2292 1933 2490 1991 Gladius,

495 1997 596 2059 quis
633 1997 885 2046 consoletur
923 2010 1001 2055 te;
1036 1998 1119 2046 filii
1154 1999 1222 2045 tui
1262 1996 1538 2055 defecerunt,
1574 1993 1807 2060 jacuerunt
1830 1998 1875 2044 in
1906 1998 2051 2061 capite
2078 1999 2291 2045 omnium
2326 1999 2492 2062 platea-

495 2063 651 2120 rum,”
686 2080 769 2112 LI:
803 2083 875 2129 19.
904 2081 983 2122 20,
1019 2064 1161 2113 fames
1183 2080 1269 2129 pro
1291 2063 1534 2112 vastatione
1568 2062 1694 2120 boni,
1729 2063 1779 2111 ὅτ
1803 2062 1980 2125 gladius
2004 2079 2090 2128 pro
2111 2062 2353 2112 vastatione
2374 2067 2486 2122 veri,

489 2125 636 2189 jacere
669 2130 715 2176 in
752 2133 894 2194 capite
933 2133 1144 2178 omniurn
1179 2131 1427 2194 platearum
1468 2147 1555 2193 pro
1590 2129 1735 2176 orbari
1775 2130 1903 2175 omni
1939 2145 2064 2186 vero,
2100 2129 2229 2192 quod
2268 2130 2413 2193 platea
2435 2132 2489 2179 fit

496 2210 677 2252 verum,
728 2212 786 2244 n:
829 2198 991 2261 2336·,
1040 2197 1155 2260 quid
1198 2196 1401 2252 vastatio,
1453 2197 1678 2251 videatur,
1735 2210 1794 2241 n:
1824 2212 1932 2257 301.
1961 2212 2070 2258 302.
2098 2213 2207 2259 303.
2236 2214 2345 2260 304.
2371 2213 2484 2261 407.

496 2265 608 2319 408.
634 2279 746 2321 410.
773 2280 863 2323 411
889 2282 899 2310 ι
937 2263 1059 2326 apud
1081 2262 1316 2319 Eundem,
1354 2267 1388 2288 ‘⁶
1411 2260 1658 2310 Numerabo
1696 2276 1773 2307 vos
1803 2260 1965 2323 gladio,
2001 2262 2051 2309 &
2073 2277 2233 2308 omnes
2256 2277 2339 2309 vos
2364 2279 2488 2310 mac-

495 2329 652 2374 tationi
691 2327 980 2376 incurvabitis
1019 2344 1121 2385 vos,
1174 2340 1409 2391 propterea
1449 2327 1576 2390 quod
1617 2327 1797 2382 vocavi,
1848 2326 1898 2373 &
1937 2343 2029 2374 non
2076 2326 2374 2389 respondistis,
2419 2327 2486 2374 lo-

495 2406 667 2454 quutus
706 2393 823 2450 sum,
870 2397 919 2442 ὅτ
959 2411 1050 2442 non
1090 2394 1371 2450 audivistis,''
1408 2408 1654 2440 LXV:*12:
1703 2391 1824 2454 apud
1849 2391 2082 2457 Eundem,
2133 2397 2167 2418 “
2207 2392 2261 2439 In
2292 2395 2388 2455 igne
2409 2394 2489 2455 Je.

493 2457 640 2506 hovah
670 2457 910 2522 judicabit,
946 2460 997 2507 ὅτ
1036 2460 1082 2506 in
1119 2459 1290 2516 Gladio,
1326 2473 1514 2506 omnem
1552 2472 1747 2513 carnem,
1782 2457 1832 2504 ὅτ
1871 2458 2004 2503 multi
2043 2467 2176 2503 erunt
2201 2456 2387 2505 confoffi
2411 2460 2489 2518 Je—

493 2523 679 2580 hovae,”
716 2541 860 2573 vai:
893 2528 967 2581 16,
1004 2523 1190 2573 confosfi
1214 2525 1407 2585 Jehovae
1444 2539 1529 2585 pro
1558 2522 1748 2568 vastatiS.
1820 2521 1966 2583 Apud
1990 2522 2250 2581 Jeremiam,
2289 2527 2323 2549 “
2344 2524 2489 2587 Super

495 2606 653 2638 omnes
694 2590 845 2650 colles„
866 2591 913 2635 in
952 2590 1124 2637 deserto
1163 2601 1386 2636 venerunt
1417 2588 1664 2646 vastatores,
1701 2587 1807 2648 quia
1828 2586 2006 2633 Gladius
2038 2587 2221 2649 Jehovae
2265 2587 2487 2637 devorans

498 2658 554 2704 ab
587 2668 791 2711 extremo
831 2666 976 2717 terrae,
1013 2655 1063 2701 ὅτ
1103 2653 1242 2717 usque
1277 2652 1335 2701 ad
1373 2666 1625 2699 extremum
1667 2663 1814 2707 terrae,
1863 2667 1955 2698 non
1992 2668 2081 2715 pax
2112 2653 2195 2700 ulli
2233 2656 2373 2711 carni,
2425 2656 2488 2703 se-

497 2725 782 2771 minaverunt
821 2721 982 2776 tritica,
1033 2721 1082 2767 ὅτ
1120 2722 1261 2783 spinas
1304 2719 1624 2776 meffuerunt,''
1660 2733 1768 2764 xn:
1803 2733 1872 2765 12.
1907 2735 1999 2780 133
2060 2718 2252 2766 Gladius
2295 2721 2488 2781 Jehovae

496 2785 724 2837 manifeste
766 2802 852 2850 pro
882 2785 1125 2833 vastatione
1166 2787 1291 2832 veri:
1329 2785 1451 2847 apud
1468 2784 1701 2841 Eundem,
1738 2788 1771 2809 “
1798 2783 1988 2831 Mentiti
2028 2783 2130 2831 sunt
2168 2787 2213 2832 in
2239 2786 2482 2846 Jehovarn,

414 2898 424 2902 ,.
488 2857 544 2903 ’ὅτ
583 2855 812 2909 dixerunt,
864 2868 954 2899 non
991 2851 1105 2915 Ipse,
1157 2852 1207 2900 &
1247 2867 1337 2898 non
1379 2851 1528 2898 veniet
1564 2849 1693 2914 super
1730 2865 1811 2897 nos
1851 2850 2041 2907 malum,
2090 2850 2139 2897 ὅτ
2178 2851 2377 2900 Gladium
2434 2855 2485 2917 ὅς

414 2910 419 2915 “
495 2920 664 2967 famem
706 2934 797 2965 non
834 2917 1125 2972 videbimus3
1162 2920 1211 2964 ὅτ
1236 2916 1470 2981 prophetae
1493 2929 1623 2963 erunt
1647 2917 1693 2963 in
1715 2928 1925 2973 ventum,
1962 2917 2011 2964 &
2051 2916 2198 2964 sermo
2243 2917 2396 2965 nullus
2437 2919 2485 2966 in

493 2988 605 3043 eis,''
639 3002 701 3032 v:
734 3001 803 3032 12.
837 3002 891 3047 13
913 3003 923 3031 z
962 2984 1085 3047 apud
1109 2984 1339 3040 Eundem,
1379 2989 1412 3009 “
1435 2983 1544 3046 Ego
1568 2983 1746 3030 visitans
1767 2981 1897 3044 super
1919 2998 2011 3039 eos,
2039 2979 2232 3045 juvenes
2255 2986 2489 3031 morientur

494 3052 665 3108 Gladio,
701 3050 782 3096 filii
826 3065 984 3109 eorum
1029 3051 1079 3096 ἂν
1121 3050 1227 3096 filiae
1266 3065 1424 3096 eorum
1459 3051 1692 3096 morientur
1718 3048 1893 3110 fame,'’
1934 3064 2138 3096 §11:221
2191 3049 2318 3111 apud·
2350 3049 2484 3097 Eun·

492 3118 619 3174 dem,
656 3122 689 3144 “
716 3118 838 3163 Cum
879 3116 1077 3163 offerunt
1119 3115 1432 3163 holocaustum
1472 3118 1522 3164 ὅτ
1562 3114 1814 3169 mincham,
1849 3129 1941 3160 non
1965 3114 2072 3175 Ego
2095 3113 2351 3176 propitiabo
2387 3115 2483 3173 illa,

489 3185 597 3248 quia
620 3183 772 3236 Gladio
806 3182 855 3231 &
879 3182 1024 3239 Fame,
1058 3182 1107 3230 &
1131 3181 1275 3239 Peste,
1311 3181 1420 3245 Ego
1456 3180 1723 3230 consumens
1755 3194 1832 3228 eos
1850 3200 1864 3235 ;
1901 3179 1951 3228 ὅτ
1973 3179 2087 3237 dixi,
2123 3179 2178 3227 ah
2201 3179 2255 3227 ah
2277 3180 2484 3228 Domine

2261 3246 2480 3308 Jehmih,
