2904 3750
558 246 906 311 CAPUT
957 230 1518 329 VIGESIMUM
1569 231 2112 319 OCTAVUM.
2232 259 2370 338 μς

363 411 367 415 -
403 404 510 451 325.
541 403 684 450 3544.
714 385 856 450 3576.
898 384 1059 449 35'993
1095 381 1170 430 hic
1199 387 1352 429 autem
1386 365 1437 431 Ιδε
1471 384 1518 430 in
1542 379 1830 447 sequentibus
1853 381 1986 444 hujus
2006 384 2182 447 ‘Capitis
2206 401 2372 449 reprae·

360 405 503 502 {emat
528 455 674 516 Jacob
706 438 1029 500 bonum³illius
1071 450 1202 503 veri;
1248 448 1354 494 inde
1390 452 1534 512 Patet,
1570 446 1698 512 quod
1737 465 1818 512 per
1857 449 1956 497 haec
1992 451 2143 508 verba,
2188 453 2372 499 vocavit

265 569 271 574 ,
362 520 549 584 Jischak
585 521 641 566 ad
674 518 919 580 Jacobum,
957 514 1238 578 significetur
1270 516 1505 584 perceptio
1534 515 1680 578 qualis
1715 532 1740 562 a
1762 517 1971 563 Domino
2010 518 2161 580 quoad
2195 518 2370 566 bonum

359 590 473 635 veri.
544 585 690 647 Quod
715 583 862 646 Jacob
895 582 970 629 hic
992 580 1280 645 ‘repraesentet
1304 580 1495 628 bonurn'
1517 581 1634 643 illius
1658 583 1771 638 veri,
1807 582 2011 646 estquia
2043 599 2163 630 nunc
2198 587 2370 646 primo-

359 655 619 720 genituram
642 650 777 699 Esavi
811 649 1001 705 tulerat,
1026 651 1073 695 δι
1099 664 1286 712 quoque
1320 645 1415 711 ejus
1438 647 1817 706 benedictionem,
1858 651 1907 697 &
1931 649 2095 712 fioper
2115 646 2190 697 illa
2221 651 2371 698 induit

363 720 599 786 personam
638 717 790 775 Esavi,
843 714 917 763 sed
956 715 1105 762 adhuc
1148 718 1238 763 noti
1280 715 1476 779 amplius
1513 731 1655 779 quam
1694 715 1849 779 quoad
1886 716 2063 763 bon'u'm
2105 716 2223 763 illius
2256 719 2368 773 veri,

359 787 508 852 quod,
544 800 711 848 nempe
734 799 917 840 verum,
950 784 1076 847 prius
1116 781 1485 846 repraesentavi‘t3
1525 780 1664 830 omne
1698 784 1823 830 enim
1847 799 2026 840 verum,
2061 783 2370 847 quodcunque

365 854 414 902 &
435 853 747 916 qualecunque
772 849 842 906 fit,
879 851 925 896 in
951 849 993 896 'se
1017 848 1149 896 habet
1171 848 1363 906 bonum,
1400 849 1507 896 nam
1531 865 1693 896 verum
1730 850 1811 896 nisi
1836 866 1893 896 ex
1916 850 2040 898 bono
2076 851 2167 897 'non
2199 850 2262 896 est
2291 867 2369 896 ve—

358 937 486 977 rum,
512 919 617 966 inde
642 918 810 965 dicitur
835 932 994 969 verum
1016 935 1027 965 :
1063 931 1147 980 per
1169 913 1582 980 primogenituram
1605 918 1747 979 quam
1771 917 1893 973 tulit,
1915 917 1967 964 ὅτ.
1992 932 2072 981 per
2096 917 2371 963 benedictio-

365 1003 490 1043 nem,
531 984 702 1048 accepit
734 984 780 1031 id
806 983 903 1047 prae
927 970 1093 1039 Esav‘o,
1128 981 1255 1046 quoti
1282 981 1377 1048 ejus
1410 981 1640 1047 posteritas
1676 981 1930 1031 succederet
1961 985 2007 1030 in
2030 976 2370 1046 promissionem

364 1052 527 1100 factam
553 1051 818 1099 Abrahamo
852 1051 902 1098 δε
926 1048 1160 1116 Jischako,
1199 1049 1257 1098 de
1286 1062 1403 1116 terra
1426 1050 1647 1107 Canaane,
1683 1050 1733 1098 δε
1770 1050 1829 1098 fic
1852 1050 1980 1114 quod
2015 1067 2097 1115 per
2133 1049 2264 1096 illum
2299 1066 2365 1096 re-

364 1119 703 1184 praesentaretur
738 1111 964 1164 Divinum
989 1116 1206 1164 Naturale
1232 1117 1439 1172 Domini,
1480 1114 1593 1164 sicut
1626 1119 1706 1179 per
1728 1115 1998 1178 Jischakum
2021 1115 2248 1163 Divinum
2273 1117 2370 1162 Rau

364 1186 547 1242 tionale,
583 1181 631 1232 δι
656 1200 737 1248 per
761 1181 1076 1231 Abrahamum
1116 1167 1272 1246 lpsum
1299 1183 1527 1229 Divinum
1563 1180 1722 1246 I'pfius,
1764 1195 1815 1230 ut
1846 1182 2367 1247 itaque-Repraesentati-

367 1268 484 1300 vum
519 1253 566 1298 in
589 1267 726 1298 unam
751 1248 985 1313 personam
1020 1244 1212 1306 caderet,
1252 1248 1519 1313 permiffum
1551 1248 1657 1306 fuit,
1698 1262 1750 1296 ut
1783 1250 2195 1313 primogenituram
2218 1249 2370 1296 Esavo

370 1321 431 1366 ita
464 1316 672 1374 auferret,
709 1318 758 1365 &
790 1317 895 1363 dein
918 1316 1310 1363 benedictionem:
1354 1315 1461 1363 inde
1483 1315 1581 1373 est,
1600 1316 1728 1379 quod
1751 1316 1898 1377 jacob
1932 1333 2052 1371 nunc
2087 1315 2372 1380 repraesentet

339 1406 342 1408 ’
364 1385 542 1433 bonum
567 1383 794 1439 naturalis,
830 1380 904 1430 sed
934 1382 1008 1430 hic
1031 1384 1078 1430 in
1100 1382 1326 1446 principio
1355 1382 1531 1430 bonum
1555 1382 1677 1442 illius*
1697 1383 1809 1439 veri,
1834 1383 1978 1447 quod,
2003 1399 2167 1446 nempe
2188 1398 2368 1440 verum,

367 1468 482 1500 mox
504 1452 628 1516 prius
655 1449 998 1514 repraesentavit.
1069 1448 1242 1496 Adhuc
1265 1464 1451 1514 quoque
1483 1451 1632 1513 agitur
1655 1449 1712 1497 de
1735 1448 1900 1507 Esavo,
1937 1453 1990 1497 ut
2019 1451 2065 1497 in
2088 1448 2231 1496 Versu
2262 1449 2335 1512 seq
2351 1467 2367 1497 -:

370 1520 416 1581 6.
448 1535 488 1584 7.
519 1523 564 1576 8,
607 1515 746 1576 huius
783 1515 972 1580 Capitis,
1021 1532 1080 1564 ex
1114 1515 1257 1573 causa,
1296 1527 1351 1562 ut
1390 1515 1565 1563 bonum
1597 1517 1710 1573 veri,
1757 1517 1807 1564 δι·
1839 1531 2003 1564 verum
2042 1516 2151 1563 boni
2186 1517 2371 1563 interius

367 1583 598 1633 Naturalis
634 1583 827 1631 Domini
866 1581 1274 1645 repraesen'taretur,
1327 1581 1461 1645 quod
1501 1598 1582 1645 per
1617 1581 1844 1643 Jacobum
1893 1582 2039 1629 adhuc
2081 1599 2170 1629 non
2205 1581 2369 1646 potest.

362 1651 502 1712 Quid
541 1652 590 1699 δι
629 1649 761 1713 quale
798 1647 864 1695 est
900 1646 1075 1696 bonum
1112 1648 1226 1705 iteri,
1271 1646 1400 1711 quod
1437 1646 1511 1695 hic
1545 1647 1610 1695 est
1642 1649 1808 1710 Jacob,
1847 1665 1904 1696 ex
1941 1643 2228 1713 sequentibus
2262 1665 2371 1697 con·-

364 1717 512 1766 stabit.
1397 1743 1400 1747 ⁴
1528 1744 1531 1747 Δ

439 1784 582 1848 3660.
619 1781 684 1830 Et
713 1780 946 1830 benedixit
966 1781 1051 1839 illi,
1085 1780 1213 1846 quod
1245 1779 1471 1849 significet
1489 1774 1629 1846 ¹quod
1655 1781 1716 1829 ita
1737 1779 2104 1846 conjungeretur,
2139 1780 2313 1830 constat
2347 1796 2375 1830 a

369 1850 694 1915 significatione
730 1847 956 1906 benedici,
1003 1849 1130 1912 quod
1161 1848 1216 1896 fit
1254 1846 1492 1917 conjungi,
1531 1847 1589 1896 de
1629 1864 1721 1912 qua
1760 1866 1826 1897 n:
1858 1867 1882 1913 3
1891 1859 2004 1912 504,
2050 1866 2191 1913 3514.
2229 1867 2253 1913 3
2262 1869 2287 1912 5
2296 1867 2373 1912 3ο.

376 1919 519 1982 3565.
549 1919 692 1980 3584.
763 1915 910 1976 Quod
934 1913 1120 1976 Jischak
1156 1926 1281 1978 pater
1317 1930 1439 1963 nunc
1479 1914 1714 1963 benedicat
1749 1915 1924 1977 Jacobo
1963 1917 2076 1972 filio,
2125 1917 2300 1963 tametsi
2339 1917 2376 1963 is

368 2000 485 2031 cum·
519 1980 678 2030 fraude
709 1981 900 2038 venerit,
936 1982 986 2030 &
1023 1979 1252 2027 abstulerit
1285 1980 1645 2030 benedictionem
1669 1981 1834 2040 Esavo,
1871 1985 1919 2030 ὅτ.
1954 1983 2011 2030 ad
2051 1982 2164 2029 illud
2204 1982 2375 2029 factum

374 2049 562 2112 Jischak
596 2047 836 2112 horruerit,
880 2057 935 2094 ut
964 2058 1096 2110 patet
1129 2063 1155 2093 a
1191 2047 1355 2110 Capite
1383 2048 1596 2110 praeced:
1621 2064 1801 2098 xxvu:
1829 2046 1974 2098 vers:
1998 2067 2057 2114 33
2094 2051 2143 2097 ὅτ
2185 2067 2264 2114 35,
2311 2048 2375 2095 est

372 2117 481 2180 quia
503 2130 626 2163 nunc
648 2116 869 2178 percepit,
904 2113 1032 2176 quod
1055 2111 1216 2174 Jacobi
1238 2111 1469 2176 posteritas
1489 2113 1610 2170 effet,
1645 2130 1753 2178 quae
1781 2128 1948 2163 terram
1981 2117 2234 2164 Canaanem
2273 2115 2375 2181 pos-—

374 2183 550 2240 fideret,
587 2184 678 2228 non
702 2178 856 2236 Esavi,
890 2179 995 2226 inde
1018 2179 1286 2229 c0nfirmata
1317 2177 1382 2227 est
1416 2179 1670 2227 benedistio
1702 2180 1757 2227 ab
1778 2181 2025 2242 Jischako;
2066 2181 2139 2229 sed
2163 2181 2285 2230 fraus
2318 2182 2376 2229 ad

369 2265 517 2314 quam
556 2247 732 2296 horruit
754 2243 957 2308 Jischak,
993 2244 1270 2310 significabat
1304 2246 1354 2293 δι’
1379 2245 1654 2309 praedicebat
1688 2244 2027 2295 fraudulentum
2063 2250 2110 2295 in
2142 2250 2216 2296 illa
2238 2262 2375 2312 gente

374 2314 527 2379 quoad
551 2312 924 2378 repraesentativa,
961 2312 1089 2376 quod
1122 2315 1287 2375 nempe
1321 2312 1433 2359 nihil
1468 2314 1620 2360 minus
1652 2329 1791 2376 quam
1826 2313 1989 2361 sincere
2024 2326 2101 2360 aut
2136 2316 2272 2363 corde
2307 2332 2376 2362 re-

375 2380 663 2447 praesentaret
682 2380 855 2426 Divina
876 2390 953 2426 aut
975 2377 1174 2430 coelestia
1199 2378 1351 2441 Regni
1375 2379 1585 2436 Domini,
1620 2378 1880 2443 ita-prorsus
1915 2397 2008 2427 non
2033 2380 2145 2427 ficut
2168 2382 2377 2444 Antiqua

376 2446 593 2502 Ecclefia,
629 2444 703 2493 sed
727 2444 870 2492 modo
899 2446 946 2492 in
969 2446 1161 2492 externis
1191 2444 1398 2507 separatis
1431 2444 1489 2492 ab
1519 2447 1714 2512 interno,
1750 2447 1799 2494 &
1825 2462 1879 2493 ne
1908 2447 2095 2510 quidem
2132 2446 2236 2504 hoc,
2271 2451 2378 2512 quia

377 2514 512 2563 toties
533 2511 816 2560 desciverunt
838 2513 886 2559 in
918 2512 1089 2575 apertas
1122 2511 1409 2559 idololatrias.
1480 2512 1613 2571 Quid
1637 2524 1787 2560 autem
1813 2528 1895 2575 per
1917 2511 2135 2578 conjungi
2170 2513 2242 2562 seu
2267 2531 2377 2563 con-

368 2578 675 2644 junctionem,
710 2594 818 2640 quae
843 2594 934 2642 *per
956 2577 1162 2625 benedici
1193 2578 1241 2626 in
1263 2576 1386 2625 sensu
1408 2579 1585 2626 interno
1607 2579 1900 2642 significatur,
1936 2580 2217 2643 intelligitur,
2253 2583 2378 2645 prius

377 2647 554 2695 dictum
578 2645 658 2703 est,
682 2644 810 2708 quod
834 2660 999 2708 nempe
1023 2644 1220 2692 naturale
1241 2644 1394 2708 quoad
1415 2645 1591 2693 bonum
1621 2646 1672 2694 ὅτ
1695 2645 1848 2709 quoad
1871 2662 2033 2694 verum
2058 2645 2378 2712 adjungeretur

375 2712 626 2770 Rationali,
662 2710 735 2759 seu
757 2711 886 2775 quod
919 2711 1062 2769 idem,
1098 2711 1328 2760 Externus
1362 2711 1505 2760 homo
1527 2713 1748 2768 Intern03
1785 2726 1838 2760 ut
1866 2715 1989 2760 enirn
2013 2715 2246 2762 Dominus
2279 2717 2376 2763 Na-

379 2779 520 2828 turale
559 2779 692 2826 suum
714 2778 939 2826 Divinum
976 2776 1154 2836 faceret,
1191 2777 1366 2834 bonum
1405 2780 1453 2828 ὅτ
1478 2795 1642 2826 verum
1666 2779 1753 2826 tale
1787 2781 1829 2827 ei
1863 2780 2053 2837 inderet,
2089 2797 2194 2844 quae
2229 2799 2378 2830 corre-

380 2845 650 2909 sponderent
674 2861 781 2893 cum
807 2845 931 2892 bono
951 2845 1002 2892 &
1025 2861 1135 2893 vero
1158 2846 1318 2892 Divini
1343 2846 1593 2894 Rationalis
1614 2869 1628 2903 3
1668 2845 1830 2910 absque
1854 2846 1984 2894 bonis
2007 2848 2056 2895 &
2080 2849 2197 2894 veris
2231 2865 2379 2896 corre-

383 2910 707 2976 spondentibus
746 2911 839 2959 non
872 2911 1005 2959 datur
1046 2910 1337 2977 conjunctio:
1399 2913 1564 2960 dantur
1608 2913 1725 2960 bona
1775 2913 1824 2961 &
1862 2929 1967 2961 vera
2005 2914 2252 2973 Naturalis,
2308 2915 2381 2963 seu

384 2981 568 3054 propria
589 2979 819 3026 Naturalis
838 2978 1057 3036 hominis,
1093 2979 1451 3037 innumerabilia,
1474 2981 1524 3028 &
1549 2992 1643 3027 tam
1667 2979 2023 3037 innumerabilia,
2049 2993 2100 3028 ut
2122 2980 2179 3028 ab
2202 2983 2383 3029 homine
2468 3023 2474 3028 .

386 3044 472 3102 xiix
510 3058 677 3108 queant
720 3044 817 3092 sciri
855 3061 1015 3093 eorum
1055 3062 1220 3111 genera
1252 3048 1636 3103 communiffima,
1690 3060 1921 3110 utcunque
1966 3063 2074 3094 cum
2125 3050 2383 3095 nominatur

387 3108 562 3157 bonum
587 3112 636 3158 ὅτ
656 3126 818 3158 verum
840 3112 1056 3169 naturale,
1089 3126 1298 3176 appareat
1320 3113 1497 3161 homini
1521 3113 1634 3161 ficut
1658 3129 1803 3160 unum
1828 3113 2054 3177 fimplex3
2086 3125 2237 3161 totum
2258 3115 2381 3159 enim

389 3175 602 3231 naturale,
636 3175 687 3223 &
710 3173 847 3224 omn'e
867 3178 991 3241 quod
1026 3179 1105 3235 ibi,
1141 3195 1234 3226 non
1257 3179 1320 3226 est
1344 3179 1468 3227 aliud
1488 3202 1503 3235 ·,
1540 3181 1590 3227 δε
1614 3181 1720 3243 quia
1743 3181 1819 3236 ita,
1844 3179 2045 3227 constare
2066 3179 2229 3243 potest,
2254 3178 2384 3241 quod
2484 3171 2492 3177 ’

391 3242 511 3290 bona
543 3241 589 3290 δι
613 3257 718 3290 vera
747 3243 960 3291 naturalis
994 3244 1098 3302 sint,
1133 3245 1180 3293 in
1203 3245 1369 3308 quibus
1388 3245 1524 3359 icriiesse
1553 3246 1735 3309 possunt
1758 3245 1876 3295 bona
1912 3247 1958 3294 δι
1979 3261 2098 3312 ,νεα
2119 3245 2390 3360 Rationalig}

1452 3327 1486 3374 g
1509 3327 1543 3374 g
1579 3329 1605 3361 2
