2872 3730
595 250 960 337 CAPUT·
1005 255 1614 328 VIGESIMUM
1670 257 2176 331 TERTIUM.
2267 290 2395 351 1¹13

397 389 522 448 e‘us:
578 413 660 463 pel.
703 392 996 459 Machpelam
1042 407 1152 443 curn
1192 392 1233 439 ei
1270 390 1537 455 adjungitur
1581 390 1806 456 spelunca,
1858 393 1934 441 seu
1978 395 2144 443 dicitur
2184 398 2398 461 spelunca

397 419 681 528 lillachpelae,
712 460 990 525 significatur
1024 459 1136 506 fides
1167 474 1275 521 quae
1306 460 1352 505 in
1375 458 1584 515 obscuro,
1619 474 1679 508 n:
1706 476 1832 524 2935
1856 482 1870 515 ς
1906 472 1951 507 at
1973 476 2054 525 per
2077 464 2394 528 Machpelam,

398 547 510 579 curn
531 529 696 592 absque
726 526 944 589 spelunca⁴
963 525 1242 581 nominatur,
1277 525 1327 572 δε
1352 524 1549 588 sequitur
1571 525 1697 588 quod
1722 527 1786 572 ibi
1810 542 1916 589 ager
1938 527 1988 574 δε
2013 527 2237 591 spelunca,
2265 532 2390 579 intel·

401 597 559 661 ligitur
578 593 870 657 regeneratio,
907 607 1012 639 nam
1037 607 1119 655 per
1140 607 1304 654 agrum
1329 590 1380 638 &
1406 590 1666 654 speluncam
1706 591 1988 655 significatur
2022 593 2196 641 bonum
2232 598 2283 643 δε
2315 612 2395 644 ve·

401 663 507 711 rum
529 655 655 716 fidei,
688 674 770 722 per
806 673 912 723 quae
947 658 1003 705 fit
1041 659 1348 721 regeneratio:
1386 659 1436 704 &
1468 669 1683 720 praeterea
1704 657 1979 721 Machpelah
2014 672 2107 707 erat
2146 662 2311 708 tractus
2350 663 2397 710 in

399 743 496 793 quo
515 728 659 786 etiam·
677 724 983 788 sepulchrum,
1018 740 1096 788 per
1121 724 1248 787 quod
1278 724 1556 786 regeneratio
1592 723 1886 788 significatur,
1921 740 1983 774 n:
2011 726 2154 790 2916.
2215 727 2399 774 Mamre

399 792 569 850 autem,
603 792 710 856 quia
731 791 962 848 Chebron,
997 803 1050 838 ut
1074 791 1243 838 dicitur
1265 790 1407 837 Vers:
1433 789 1534 854 seq:
1567 807 1643 853 19,
1693 791 1744 837 δε
1784 792 1829 838 in
1870 790 2101 843 Chebron,
2145 804 2196 839 ut
2220 793 2394 842 Genes:

401 860 532 924 Cap:
557 874 697 906 x111:
730 862 804 914 18,
840 874 931 904 non
971 857 1093 904 aliud
1132 856 1355 919 fignificat
1392 871 1532 918 quam
1571 855 1702 919 quale
1724 857 1774 904 &
1797 869 2038 920 quantum,
2072 857 2148 905 hic
2171 874 2400 922 regenera-

400 927 538 989 tionis
551 940 669 972 cum
692 921 959 988 adjungitur
981 922 1261 986 Machpelae,
1297 923 1347 969 ὅτ
1371 921 1586 970 Ecclefiae
1626 938 1735 970 cum
1775 922 2038 988 adjungitur
2068 923 2315 982 Chebroni,
2349 927 2400 973 &

400 1007 590 1059 quoque
625 991 928 1055 perceptionis
967 1004 1077 1037 cum
1115 986 1382 1052 adjungitur
1419 988 1658 1052 quercetis‚
1692 1000 1746 1051 ut
1766 1005 1824 1037 n:
1857 991 1997 1047 1616,
2033 991 2302 1042 ita,Mamre
2340 991 2406 1039 est

402 1057 551 1108 modo
572 1051 886 1106 determinatio
910 1054 1046 1104 status
1067 1056 1148 1113 rei,
1182 1067 1276 1103 erat
1298 1057 1422 1103 enirn
1446 1055 1591 1112 locus,
1625 1055 1705 1103 ubi
1737 1055 1959 1104 habitavit
1980 1056 2236 1115 Abraham,
2269 1058 2402 1106 Gen:

401 1125 508 1174 x'ur
531 1123 651 1187 {18,
685 1124 736 1172 &
761 1122 841 1170 ubi
863 1122 1027 1179 Isacus‚
1063 1123 1111 1171 &
1136 1137 1232 1185 quo
1255 1123 1383 1179 venit
1407 1121 1625 1183 jacobus,
1647 1121 1798 1176 Gen:
1823 1137 1991 1171 xxxv:
2019 1137 2098 1187 27.

438 1237 441 1240 Α
476 1189 620 1257 2971.
656 1190 788 1254 Ager
808 1189 859 1237 &
886 1188 1094 1252 spelunca
1125 1203 1232 1251 quae
1270 1189 1316 1234 in
1352 1187 1448 1246 illo,
1483 1187 1611 1251 quod
1634 1186 1858 1251 significet
1878 1188 2033 1252 quoad
2055 1189 2232 1236 bonum
2253 1189 2305 1237 δε
2327 1206 2406 1238 ve-

407 1273 514 1307 rum
546 1256 674 1312 fidei,
707 1254 880 1303 constat
902 1271 928 1302 a
948 1253 1275 1318 significatione
1303 1255 1419 1317 agri,
1453 1253 1581 1318 quod
1603 1253 1658 1300 fit
1679 1254 1899 1312 Ecclefia,
1932 1267 2035 1303 tum
2058 1255 2206 1318 ipsum
2231 1255 2408 1304 bonum

444 1323 538 1373 uod
559 1322 623 1370 est
646 1320 896 1377 Ecclefiae;
931 1319 1128 1378 coeleste,
1164 1318 1236 1367 seu
1277 1318 1470 1377 bonum,
1505 1319 1634 1384 quod
1671 1318 1736 1368 est
1773 1322 1940 1369 amoris
1978 1323 2026 1369 in
2057 1323 2319 1370 Dominum
2357 1324 2410 1371 δε

408 1341 633 1440 {imitatis
655 1404 762 1452 erga
783 1388 1069 1451 proximum,
1104 1399 1394 1449 comparatur
1430 1386 1593 1444 humo,
1628 1398 1731 1434 tum
1771 1401 1956 1452 quoque
1991 1403 2121 1451 agro,
2161 1389 2298 1436 etiam
2338 1389 2413 1436 di-

410 1459 530 1506 citur
565 1456 734 1504 humus
755 1453 806 1501 &
829 1469 953 1518 ager,
986 1454 1094 1517 quia
1130 1452 1316 1500 coeleste
1353 1452 1427 1500 seu
1467 1452 1642 1501 bonum
1678 1451 1743 1500 est
1779 1454 1907 1517 quod
1947 1457 2107 1518 recipit
2139 1470 2246 1512 vera
2283 1454 2409 1511 fidei,

409 1539 519 1587 quae
542 1517 864 1584 comparantur
885 1519 1148 1574 seminibus,
1182 1519 1319 1565 etiam
1341 1530 1566 1565 vocantur
1595 1517 1798 1573 semina;
1838 1521 1890 1567 &
1923 1537 1949 1568 a
1970 1520 2294 1584 significatione
2315 1516 2415 1585 'spe-

410 1589 595 1644 lu'ncae‚·
613 1584 743 1650 quod
765 1585 820 1631 fit
841 1598 1006 1631 verum
1029 1583 1138 1630 fidei
1160 1583 1288 1645 quod
1327 1584 1374 1629 in
1411 1582 1618 1640 obscuro,
1658 1583 1717 1630 de
1739 1599 1830 1646 qua
1862 1601 1893 1631 n
1917 1603 1927 1632 ε
1946 1602 2074 1650 2935
2098 1607 2111 1641 ς
2153 1586 2200 1634 in
2222 1584 2415 1634 obscuro

413 1651 598 1710 dicitur,
633 1649 885 1716 quiaiapud
906 1648 1186 1713 Spirituales,
1221 1665 1283 1696 n:
1311 1665 1450 1712 1043.
1478 1653 1604 1713 2708
1630 1664 1716 1713 pr:
1755 1665 1900 1714 2715.
1962 1683 1965 1687 -

443 1777 447 1781 ,
483 1718 628 1786 2972.
663 1714 904 1767 Etomnis
925 1714 1059 1764 arbor
1079 1731 1188 1779 quae
1222 1716 1270 1762 in
1302 1730 1432 1778 agre,
1472 1714 1601 1779 quod
1637 1715 1862 1778 significet
1895 1716 2179 1780 cognitiones
2201 1717 2417 1766 Ecclesiae

411 1787 661 1848 interioreS,
696 1783 870 1832 constat
893 1799 919 1830 a
939 1781 1266 1846 significatione
1288 1782 1476 1838 arboris,
1511 1781 1641 1845 quod
1675 1782 1763 1830 sint
1786 1786 2097 1848 perceptiones
2121 1798 2230 1831 cum
2261 1787 2420 1848 agitur

413 1850 474 1902 de
494 1851 695 1901 Ecclesia
713 1849 905 1908 coelesti,
939 1849 997 1897 de
1027 1864 1118 1913 qua
1151 1864 1212 1896 n:
1238 1865 1344 1912 105.
1373 1849 1519 1912 2163,
1554 1860 1600 1895 at
1623 1849 1906 1912 cognitiones
1928 1865 2037 1897 cum
2063 1850 2212 1914 agitur
2245 1850 2303 1898 de
2326 1852 2419 1900 Ec-

416 1918 548 1968 clefia
579 1916 811 1982 spirituali,
859 1915 918 1963 de
955 1931 1046 1981 qua
1078 1931 1140 1964 n:
1161 1930 1287 1979 2722
1310 1938 1326 1971 ;
1366 1914 1440 1963 hic
1476 1915 1761 1978 cognitiones
1801 1916 2050 1972 interiores,
2104 1918 2213 1980 quia
2249 1917 2418 1966 dicitur

415 1986 570 2034 omnis
591 1983 725 2032 arbor
746 1986 853 2047 'quae
875 1983 924 2030 in
940 1997 1075 2046 agro,
1109 1981 1160 2030 &
1184 1980 1383 2045 sequitur
1404 1997 1511 2045 quae
1545 1983 1592 2028 in
1620 1983 1751 2029 omni
1782 1984 1981 2031 termino
2009 1980 2105 2047 ejus
2127 1984 2422 2033 circumcirca

417 2056 499 2117 per
519 2067 627 2116 quae
649 2049 959 2114 significantur
979 2048 1264 2112 cognitiones
1286 2048 1557 2106 exteriores3
1595 2047 1646 2096 &
1678 2063 1703 2095 a
1724 2047 2048 2112 significatione
2069 2051 2182 2113 agri,
2217 2051 2344 2113 quod
2369 2051 2423 2098 sit

416 2117 633 2175 Ecclefia,
669 2117 729 2164 de
755 2131 847 2180 qua
866 2116 1030 2182 prius.⁸
1076 2115 1151 2162 De
1183 2113 1341 2167 arbore
1375 2118 1483 2178 quae
1507 2114 1556 2161 in
1579 2129 1692 2178 agro
1724 2114 1776 2163 δε
1799 2116 1846 2162 in
1867 2117 2071 2164 terminis
2105 2114 2202 2179 ejus
2224 2118 2423 2165 circum÷

414 2185 538 2232 circa
575 2194 857 2232 memoratur
886 2193 1073 2247 propter
1103 2178 1280 2246 sensum
1315 2179 1454 2228 illum
1493 2181 1744 2238 internum,
1788 2181 1993 2247 alioquin
2031 2197 2124 2230 non
2166 2194 2423 2232 memoratu

414 2251 556 2314 digna
590 2251 638 2298 in
652 2248 808 2297 Verbo
829 2248 959 2313 quod
981 2248 1224 2296 Divinum.
1264 2263 1267 2267 ·

488 2331 583 2380 297
589 2333 632 2378 3,
669 2317 796 2379 Quae
817 2316 865 2361 in
887 2314 1017 2361 omni
1039 2314 1236 2361 termino
1257 2310 1353 2377 ejus
1375 2313 1693 2371 circumcirca,
1729 2314 1860 2378 quod
1883 2313 2107 2378 fignificet
2137 2315 2423 2378 cognitiones

419 2383 682 2437 exteriores,
722 2378 899 2426 constat
919 2394 946 2426 a
966 2378 1292 2443 significatione
1315 2379 1619 2426 terminorum
1643 2380 1691 2426 &
1717 2381 2027 2435 circumcirca,
2063 2381 2190 2443 quod
2220 2380 2307 2427 fint
2346 2380 2425 2431 illa

421 2463 531 2513 quae
554 2445 656 2493 sunt
676 2446 911 2501 exteriora,
948 2444 1006 2490 de
1026 2459 1118 2507 qua
1150 2459 1181 2490 n
1201 2461 1212 2491 :
1230 2444 1394 2509 2936;
1428 2444 1490 2491 ita
1521 2442 1596 2490 hic
1618 2443 1758 2491 arbor
1786 2460 1893 2508 quae
1925 2445 1973 2492 in
1998 2447 2194 2494 termino
2223 2447 2422 2494 circum-

421 2515 539 2564 circa
559 2510 781 2575 fignificat
803 2511 1088 2572 cognitiones
1109 2510 1349 2557 exteriores
1367 2531 1382 2566 ;
1420 2509 1704 2572 cognitiones
1726 2512 1967 2559 exteriores
1991 2509 2094 2559 sunt
2115 2512 2344 2560 ritualium
2368 2512 2421 2560 &

418 2577 736 2630 doCkrinalium
768 2591 875 2640 quae
914 2574 1017 2622 sunt
1053 2587 1237 2623 externa
1262 2575 1496 2632 Ecclefiae,
1542 2577 1823 2638 cognitiones
1863 2589 2016 2625 autem
2052 2579 2286 2628 interiores
2321 2577 2425 2625 sunt

419 2643 743 2696 d'oCtrinalium
772 2658 879 2707 quae
911 2640 1014 2689 sunt
1045 2643 1219 2689 interna
1240 2641 1489 2696 Eccles1ae3
1535 2642 1652 2705 quid
1674 2642 1872 2690 Externa
1895 2643 2110 2695 Ecclefiae
2138 2645 2189 2692 &
2212 2645 2324 2710 quid
2349 2646 2419 2691 in—

422 2725 564 2769 terna,
600 2711 726 2775 prius
745 2710 982 2774 aliquoties
1005 2708 1182 2756 dictum
1204 2706 1280 2755 est.
1351 2709 1571 2756 Praeterea
1594 2708 1642 2755 in
1657 2708 1815 2756 Verbo
1836 2711 1993 2774 paffim
2016 2710 2186 2760 dicitur
2202 2711 2420 2760 Medium

424 2775 477 2839 δὲ
499 2779 763 2833 Circuitus3
804 2788 858 2823 ut
880 2792 991 2823 cum
1014 2775 1071 2822 de
1086 2775 1232 2822 Terra
1253 2775 1458 2822 Canaane
1488 2774 1654 2837 agitur,
1690 2787 1800 2823 tunc
1825 2775 2041 2824 Medium
2075 2775 2309 2826 dicebatur
2340 2777 2421 2824 ubi

426 2846 549 2894 Zion
587 2840 1012 2905 & Hierosolyma,
1058 2842 1288 2888 Circuitus
1324 2853 1476 2888 autem
1515 2839 1595 2888 ubi
1631 2854 1788 2904 gentes
1826 2859 1933 2906 quae
1968 2844 2295 2900 circumcirca,
2341 2858 2422 2908 per

425 2914 622 2961 Terram
645 2910 900 2957 Canaanem
925 2907 1320 2972 repraesentabatur
1340 2909 1560 2971 Regnum
1584 2907 1796 2964 Domini,
1836 2908 2032 2956 Coeleste
2066 2909 2184 2956 illius
2205 2926 2287 2973 per
2309 2911 2423 2957 Zio-

429 2993 538 3029 nem
572 2978 622 3024 δε
647 2975 885 3040 Spirituale
920 2990 1000 3038 per
1023 2973 1412 3038 Hierosolymam,
1448 2972 1512 3020 ibi
1538 2972 1847 3022 habitaculum
1869 2975 2061 3035 Jehovae
2094 2975 2167 3021 seu
2190 2977 2383 3023 Domini
2405 2998 2419 3029 ·‚

431 3043 510 3102 illa
529 3058 636 3107 quae
660 3043 952 3090 circumcirca
974 3053 1112 3097 erant,
1149 3039 1288 3104 usque
1319 3041 1377 3088 ad
1401 3039 1531 3095 fides,
1566 3040 1942 3104 repraesentabant
1980 3039 2177 3088 coelestia
2212 3043 2260 3088 &
2294 3041 2419 3103 spiri«
2444 3068 2447 3070 -

435 3108 572 3155 tualia
594 3108 698 3156 inde
719 3109 876 3156 ordine
897 3109 1121 3156 effluentia
1142 3108 1193 3154 ὅτ
1210 3107 1429 3163 derivata,
1464 3106 1540 3152 ubi
1565 3106 1716 3154 ultimi
1738 3107 1936 3161 termini,
1977 3105 2039 3151 ibi
2069 3105 2426 3169 repraesentativa

431 3168 688 3222 celestium
710 3175 759 3222 &
782 3174 1079 3238 spiritualium
1104 3173 1394 3228 definebant;
1441 3171 1801 3233 repraesentativa
1830 3173 1905 3218 illa
1932 3172 2159 3233 originem
2191 3172 2422 3218 duxerunt

436 3240 494 3288 ab
515 3238 619 3299 illis,
653 3254 759 3307 quae
780 3241 827 3291 in
850 3242 1017 3304 Regno
1039 3240 1233 3290 Domini
1253 3241 1300 3288 in
1324 3239 1463 3352 coelils3
1479 3238 1597 3296 sunt,
1630 3240 1693 3288 ibi
1707 3239 1945 3288 Dominus
1975 3249 2029 3287 ut
2049 3236 2130 3287 Sol
2150 3235 2214 3286 est
2246 3237 2292 3285 ia
2318 3237 2450 3349 ige·-

1454 3360 1466 3367 .
2368 3322 2429 3363 ¹09
