2904 3750
455 164 629 226 434‘
968 132 2002 214 GENESIS„

450 271 533 333 qui
572 270 618 317 in
659 270 824 318 intimo
861 267 935 317 seu
958 269 1122 318 Tertio
1145 268 1301 328 Coele,
1337 268 1439 317 sunt
1468 266 1655 332 propius
1675 266 1921 324 Domino·‚
1956 265 2037 332 qui
2073 266 2120 316 in
2150 264 2350 320 interiori
2390 271 2464 323 seu

454 336 682 395 Secundo,
718 336 821 385 sunt
850 338 1066 384 remotius
1087 360 1101 394 3
1137 338 1186 385 δε
1210 338 1292 400 qui
1315 337 1362 383 in
1385 336 1595 383 exteriori
1620 334 1692 382 seu
1717 336 1762 382 in
1788 336 1968 391 Primo,
2003 334 2107 383 funt
2137 335 2287 386 adhuc
2313 335 2468 398 remo-

453 406 543 454 tius
563 426 578 460 ·,
614 405 974 453 communicatio
996 405 1111 452 inter
1144 403 1242 451 illos
1266 402 1425 451 Coelos
1449 418 1542 450 non
1566 402 1691 451 aliter
1713 402 1810 449 dari
1833 401 1997 467 potest,
2033 418 2176 466 quam
2201 403 2315 452 ficut
2337 415 2470 454 com·
2520 444 2523 447 .

457 473 707 519 municatio
725 473 992 519 intimorum
1017 471 1216 518 hominis
1237 486 1345 518 cum
1370 468 1663 518 exterioribus
1692 466 1805 532 ejus,
1843 485 1950 516 nam
1973 469 2116 517 homo
2139 471 2220 534 qui
2243 473 2291 518 in
2313 487 2469 522 amore

459 539 505 585 in
529 539 788 586 Dominum
813 538 893 595 est,
930 539 980 586 &
1003 539 1050 586 in
1074 537 1284 585 charitate
1307 553 1414 600 erga
1443 538 1730 601 proximum,
1765 535 1828 583 est
1856 536 2093 601 quoddam
2123 539 2345 602 exiguum
2371 556 2471 588 coe-

462 606 577 661 lum,
612 604 964 670 correspondens
1003 607 1048 652 in
1089 607 1288 668 imagine
1326 603 1470 652 tribus
1503 603 1685 659 coelis,
1720 604 1856 650 etiam
1892 619 1950 650 ex
1979 603 2124 651 tribus
2147 604 2295 652 Coelis
2318 605 2382 653 est
2404 606 2472 654 illi·

462 672 659 720 influxus
685 672 792 719 boni
813 673 862 719 δε
886 673 982 719 veri
1006 688 1030 718 a
1052 673 1264 719 Domino
1287 669 1535 718 secundum
1561 669 1724 718 similes
1749 670 1943 733 gradus:
1981 670 2135 735 quales
2175 671 2278 719 sunt
2300 674 2471 736 gradus

464 740 579 785 inter
602 738 659 794 se,
696 738 892 787 constare
930 738 1077 801 potest
1107 754 1130 784 a
1163 737 1279 784 binis
1320 736 1406 784 illis
1445 736 1682 799 exemplis,
1719 752 1825 799 quae
1853 735 1982 801 supra
2006 755 2062 785 n:
2092 739 2216 801 3688
2244 740 2294 787 &
2322 741 2469 806 3690,

462 805 597 852 allata
630 805 730 852 sunt
750 825 760 854 ι
813 806 892 868 qui
932 807 978 851 in
1020 803 1115 867 ipso
1153 820 1305 851 amore
1344 803 1391 849 in
1422 804 1682 850 Dominum
1724 802 1844 860 sunt,
1887 804 2001 853 adeo
2039 817 2092 851 ut
2130 809 2472 870 perceptionem

461 875 632 919 amoris
665 873 872 928 habeant,
925 870 988 917 illi
1029 870 1130 917 sunt
1171 870 1215 917 in
1257 869 1470 933 superiori
1508 869 1654 932 gradu
1687 868 1794 918 boni
1826 870 1876 917 ὅτ
1907 871 2019 927 veri,
2057 872 2193 935 inque
2233 874 2398 921 intimo
2421 876 2473 922 δε

467 939 630 986 Tertio
653 939 806 993 Coelo,
843 939 904 984 ita
942 938 1129 1001 propius
1161 938 1387 993 Domino,
1424 936 1472 984 ὅτ
1496 948 1718 984 vocantur
1734 935 1905 999 Angeli
1930 936 2181 994 Coelestes;
2216 941 2296 1003 qui
2319 954 2473 989 autem

470 1007 517 1051 in
541 1000 750 1073 chffitate
772 1020 879 1069 erga
900 1006 1166 1068 proximum
1193 1003 1310 1060 sunt,
1346 1003 1459 1051 adeo
1482 1015 1534 1050 ut
1551 1004 1887 1067 perceptionem
1907 1003 2130 1051 charitatis
2148 1005 2356 1064 habeant,
2383 1024 2475 1056 non

473 1073 533 1118 ita
556 1073 890 1136 perceptionem
915 1071 1081 1118 amoris
1107 1072 1152 1117 in
1170 1071 1450 1126 Dominum,
1486 1070 1552 1116 illi
1569 1068 1672 1117 sunt
1695 1071 1741 1116 in
1766 1068 1967 1117 inferiori
1990 1072 2138 1134 gradu
2160 1071 2269 1118 boni
2295 1075 2345 1121 &
2360 1077 2475 1133 veri,

399 1166 403 1172 -
473 1139 610 1201 inque
626 1139 824 1185 interiori
847 1137 920 1184 seu
938 1136 1149 1184 Secundo
1165 1137 1320 1194 Coelo,
1341 1138 1391 1184 δε
1407 1136 1466 1183 fic
1482 1137 1699 1183 remotius
1719 1137 1983 1193 aDomino,
2002 1139 2052 1184 δε
2076 1138 2358 1201 appellantur
2376 1142 2479 1188 An-

472 1205 563 1270 geli
582 1203 841 1269 spirituales,
867 1206 947 1267 qui
969 1216 1119 1251 autem
1145 1205 1192 1251 in
1217 1203 1425 1251 charitate
1448 1218 1555 1266 erga
1571 1204 1838 1265 proximum
1863 1201 1965 1248 sunt
1987 1203 2135 1250 solum
2161 1218 2219 1250 ex
2243 1204 2479 1255 affectione

474 1273 587 1328 veri,
622 1272 735 1320 adeo
757 1283 808 1318 ut
830 1286 920 1317 non
946 1271 1281 1335 perceptionem
1299 1269 1436 1334 ipsius
1459 1269 1684 1320 charitatis
1702 1284 1809 1333 erga
1825 1269 2094 1332 proximum
2110 1269 2315 1328 habeant,
2340 1288 2480 1335 quam

475 1353 532 1385 ex
555 1354 666 1386 vero
688 1355 783 1402 quo
802 1338 1078 1395 afficiuntur,
1103 1337 1168 1384 illi
1184 1336 1285 1384 sunt
1302 1338 1348 1383 in
1366 1336 1512 1385 adhuc
1527 1333 1728 1383 inferiori
1753 1336 1898 1400 gradu
1916 1335 2023 1383 boni
2046 1337 2096 1384 ὅτ
2111 1339 2223 1393 veri,
2248 1338 2385 1402 inque
2401 1356 2481 1387 ex-

476 1406 627 1453 teriori
656 1405 727 1453 seu
753 1406 912 1452 Primo
944 1405 1082 1462 coelo,
1119 1405 1169 1452 &
1192 1404 1252 1451 fic
1276 1403 1424 1451 adhuc
1449 1406 1666 1454 remotius
1689 1419 1715 1451 a
1738 1404 1962 1460 Domino,
1988 1404 2039 1450 &
2063 1403 2279 1451 dicuntur
2302 1405 2484 1470 spiritus

476 1470 605 1520 boni:
643 1472 747 1520 inde
767 1472 1047 1536 aliquantum
1073 1470 1271 1519 constare
1295 1469 1457 1535 potest,
1493 1470 1735 1535 quomodo
1758 1486 1866 1519 cum
1890 1470 2106 1536 gradibus
2125 1469 2167 1518 se
2182 1471 2334 1529 habet,¹
2353 1475 2481 1535 quod

478 1554 642 1603 nempe
675 1539 748 1586 illa
772 1555 879 1602 quae
902 1540 947 1586 in
972 1538 1185 1602 superiori
1210 1538 1355 1602 gradu
1380 1537 1499 1594 sunt,
1535 1536 1576 1584 fe
1600 1536 1749 1585 sistant
1778 1539 1824 1584 in
1860 1538 2058 1601 imagine
2079 1539 2139 1584 ‘in
2179 1538 2266 1586 illis
2298 1555 2404 1603 quae
2436 1542 2483 1588 in

477 1609 686 1667 proxime
710 1605 907 1652 inferiori
929 1627 942 1662 ;
979 1608 1025 1652 in
1051 1621 1204 1653 amore
1227 1606 1274 1651 in
1297 1605 1577 1660 Dominum,
1613 1603 1676 1650 est
1700 1605 1911 1667 proxima
1950 1606 2106 1667 imago
2129 1605 2339 1663 Domini,
2376 1623 2484 1670 quae

474 1683 668 1719 vocatur
691 1672 955 1728 similitudo,
979 1683 1255 1734 quapropter
1271 1670 1336 1717 illi
1352 1671 1432 1732 qui
1457 1670 1503 1716 in
1527 1669 1624 1732 ipso
1647 1686 1801 1717 amore
1824 1671 1870 1716 in
1886 1671 2147 1718 Dominum
2171 1670 2288 1728 sunt,
2314 1688 2484 1720 vocan-

480 1749 555 1783 tur
572 1738 884 1785 similitudines
901 1737 1044 1801 lpfius
1064 1759 1078 1792 ;
1116 1739 1161 1783 in
1186 1736 1412 1784 Charitate
1434 1733 1497 1782 est
1521 1751 1706 1800 quoque
1730 1736 1886 1799 imago
1908 1737 2119 1793 Domini,
2156 1736 2229 1783 sed
2253 1740 2490 1797 remotior,

480 1806 527 1852 in
552 1804 645 1867 ipsa
666 1806 788 1851 enim
811 1803 1040 1851 Charitate
1074 1802 1137 1850 est
1166 1804 1397 1851 Dominus
1433 1801 1642 1865 praesens,
1679 1816 1957 1867 quapropter
1979 1805 2059 1866 qui
2084 1805 2130 1850 in
2153 1802 2229 1850 illa
2251 1801 2369 1861 sunt,
2405 1822 2485 1869 ap·-

479 1870 703 1935 pellantur
742 1872 962 1934 imagines
1001 1870 1161 1934 Ipsius,
1197 1870 1403 1917 videatur
1438 1875 1603 1932 nt‘50.
1633 1887 1709 1932 51.
1740 1886 1895 1932 ¹0133
1948 1881 1991 1915 at
2027 1871 2108 1932 qui
2156 1870 2202 1915 in
2249 1870 2487 1919 affeftione

481 1938 592 1995 veri,
628 1939 678 1985 &
711 1937 818 1985 inde
858 1939 901 1983 in
943 1937 1140 2001 quadam
1182 1936 1323 2002 specie
1362 1936 1586 2001 charitatis
1621 1951 1728 1999 erga
1765 1937 2051 1999 proximum,
2088 1935 2151 1981 illi
2175 1951 2360 2000 quoque
2385 1938 2486 1986 sunt

480 2003 701 2067 imagines
719 2005 930 2061 Domini,
967 2004 1040 2051 sed
1064 2003 1212 2051 adhuc
1237 2004 1452 2051 remotius
1475 2022 1485 2051 :
1524 2004 1569 2050 in
1596 2002 1676 2050 hos
1698 2002 1866 2066 gradus
1891 2001 1994 2049 sunt
2017 2001 2213 2049 distineri
2237 2015 2324 2050 tres
2357 2005 2487 2062 coeli,

480 2071 530 2129 δε
556 2070 801 2118 secundum
833 2070 933 2118 illos
957 2070 1124 2134 gradus
1159 2070 1308 2117 influit
1325 2071 1558 2119 Dominus
1581 2085 1690 2116 cum
1707 2069 1884 2116 Divino
1900 2069 2033 2116 Bono
2055 2070 2104 2116 δε
2119 2069 2261 2127 Vero,
2296 2070 2359 2118 ita
2378 2087 2486 2120 cum

481 2136 690 2201 sapientia
712 2138 761 2185 δε
785 2137 1092 2200 intelligentia,
1127 2138 1176 2185 δε
1201 2153 1309 2184 cum
1334 2137 1505 2185 coelesti
1529 2136 1702 2201 gaudio
1725 2137 1775 2183 &
1800 2133 2024 2183 felicitate.

552 2205 694 2269 3692.
722 2205 784 2251 Et
802 2204 959 2250 incidit
976 2206 1021 2250 in
1039 2203 1211 2261 locum,
1230 2204 1358 2268 quod
1370 2204 1593 2267 significet
1610 2203 1791 2259 statum,
1810 2201 1983 2250 constat
1997 2202 2363 2266 a-fignificatione
2381 2204 2490 2263 loci,

481 2271 608 2335 quod
635 2270 687 2317 fit
710 2270 861 2327 status,
887 2270 943 2316 de
960 2286 1048 2333 qua
1071 2287 1131 2318 n:
1165 2287 1303 2336 1273·
1324 2287 1466 2335 1274.
1492 2286 1627 2336 1275-
1657 2285 1796 2335 1377.
1820 2269 1962 2332 2625.
1982 2274 2123 2333 2837.
2145 2270 2287 2334 3356.
2311 2271 2452 2334 3386.

555 2336 696 2402 3693.
736 2338 798 2384 Et
819 2337 1098 2400 pernoCmvit
1122 2337 1183 2384 ibi
1208 2339 1314 2401 quia
1336 2337 1506 2385 occidit
1540 2337 1619 2393 sol,
1655 2337 1782 2402 quod
1805 2337 2029 2400 significet
2046 2339 2187 2383 vitam
2213 2338 2257 2384 in
2280 2337 2489 2395 obscuro,

484 2403 656 2451 constat
691 2420 746 2451 ex
769 2402 1094 2467 significatione
1119 2405 1281 2461 noetis,
1316 2405 1444 2471 quod
1475 2405 1527 2452 s1t
1562 2404 1698 2451 status
1730 2403 1925 2460 umbrae,
1962 2403 2017 2450 de
2042 2419 2132 2467 qua
2157 2419 2217 2450 n:
2253 2420 2393 2468 1712,
2430 2406 2493 2453 ita

484 2471 743 2536 pernoetare
766 2470 894 2533 quod
918 2470 972 2517 fit
992 2472 1144 2517 vivere
1169 2473 1213 2518 in
1240 2471 1318 2518 illo
1344 2471 1457 2519 statu
1479 2494 1493 2528 3
1529 2473 1578 2519 &
1603 2487 1659 2518 ex
1682 2471 2006 2535 significatione
2030 2470 2234 2517 occidere
2258 2470 2338 2527 sol,
2363 2472 2492 2535 quod

487 2538 540 2583 sit
570 2539 615 2583 in
648 2537 853 2593 obscuro,
892 2553 997 2584 narn
1031 2546 1141 2584 tunc
1173 2537 1237 2585 est
1258 2537 1453 2602 vespera,
1490 2554 1569 2601 per
1590 2554 1730 2600 quam
1758 2539 1883 2600 quod
1915 2536 2160 2583 obscurum
2191 2538 2484 2600 significetur,

486 2603 694 2650 videatur
715 2620 772 2651 n:
803 2603 945 2666 3056.
984 2604 1070 2649 Per
1086 2603 1329 2651 obscurum
1345 2605 1418 2651 hic
1443 2605 1712 2667 intelligitur
1735 2603 1978 2650 obscurum
2005 2603 2490 2667 intelligentiaequoad

487 2684 667 2724 verum,
703 2670 750 2716 &
786 2669 1026 2716 obscurum
1068 2668 1294 2732 sapientiae
1326 2671 1480 2733 quoad
1510 2671 1702 2726 bonum,
1740 2684 1845 2715 nam
1886 2670 1967 2715 lux
2004 2685 2110 2731 quae
2147 2668 2211 2715 est
2235 2670 2427 2732 Angelis
2465 2685 2495 2716 a

488 2736 714 2791 Domino,
763 2736 809 2782 in
853 2735 897 2782 se
935 2735 1069 2782 habet
1115 2736 1456 2799 intelligentiam
1495 2737 1544 2783 ὅτ
1590 2735 1874 2799 sapientiam,
1935 2737 1983 2781 δε
2031 2750 2216 2797 quoque
2259 2735 2364 2781 inde
2408 2734 2491 2792 est,

491 2817 1236 2876 11ε1521.1524.1529.1530.
1272 2807 1415 2865 3138.
1452 2803 1594 2866 3167.
1633 2818 1774 2865 3195.
1812 2817 1953 2877 3339.
1993 2818 2132 2876 3331.
2168 2800 2308 2876 3636.
2345 2803 2489 2877 3637.

494 2869 616 2933 3642
641 2890 656 2923 ·,
691 2883 825 2930 quare
848 2881 1069 2930 quantum
1097 2884 1142 2913 in
1167 2868 1266 2915 luce
1288 2868 1404 2924 sunt,
1441 2880 1617 2914 tantum
1651 2883 1837 2930 quoque
1860 2883 1907 2912 in
1931 2866 2227 2928 intelllgentia
2250 2867 2299 2914 ὅτ
2323 2866 2493 2931 sapien—

488 2938 566 2991 tia,
601 2945 823 2998 quantum
864 2945 1013 2980 autem
1055 2949 1147 2980 non
1188 2934 1234 2980 in
1270 2934 1383 2990 luce,
1421 2934 1481 2980 ita
1503 2945 1724 2996 quantum
1751 2935 1795 2978 in
1820 2931 1999 2989 umbra,
2034 2943 2214 2979 tantum
2239 2950 2328 2982 non
2353 2935 2398 2981 in
2420 2935 2492 2982 in·
2536 2964 2538 2968 ν

489 3001 737 3064 telligentia
774 3001 823 3047 &
863 2999 1086 3064 sapientia,
1123 3016 1180 3048 n:
1206 3000 1346 3064 2776.
1370 3017 1511 3064 3190.
1534 3016 1692 3064 3337:
1724 2989 1842 3046 'inde
1876 2998 1954 3055 est,
1998 3000 2123 3061 quod
2163 3000 2237 3047 illa
2275 3017 2382 3065 quae
2421 3003 2490 3049 in-

490 3067 689 3116 tellectus
714 3066 833 3124 sunt,
868 3070 1001 3113 etiam
1026 3067 1072 3113 in
1101 3064 1305 3127 familiari
1333 3065 1536 3113 sermone
1558 3067 1764 3118 dicantur
1788 3066 1934 3121 lucis;
1972 3065 2114 3114 horno
2145 3068 2324 3130 ignorat
2361 3069 2493 3133 quod

490 3135 543 3185 fit
563 3135 684 3192 inde,
719 3149 856 3199 quare
880 3134 1023 3185 credit
1045 3135 1106 3182 ita
1128 3132 1274 3194 solum
1298 3135 1603 3200 comparative
1624 3133 1731 3191 dici,
1770 3133 1842 3181 sed
1866 3144 2031 3198 praeter
2053 3133 2155 3193 hoc,
2192 3136 2328 3184 etiarn
2361 3132 2506 3202 plura

2405 3202 2490 3250 alia
