2872 3730
502 242 731 330 246¹
1011 240 1978 310 GENESIS.

495 368 753 418 doCh-inalia
773 374 884 429 veri,
921 371 1023 419 ideo
1045 371 1099 418 ad
1118 373 1258 420 Vers:
1287 371 1390 435 seq:
1421 389 1500 436 30,
1536 372 1615 420 ubi
1638 372 1755 420 Esau
1787 367 1986 420 'vocatur
2021 372 2196 431 Edom,
2233 388 2287 422 ex
2319 373 2488 424 Divina

491 436 684 484 Domini
711 437 1037 494 Misericordia,
1073 455 1127 486 ex
1161 439 1270 487 locis
1291 456 1314 486 e
1334 440 1506 497 Verbo,
1542 438 1898 488 confirmabitur.

561 521 701 568 3303.
741 506 804 553 Et
827 505 928 569 post
950 507 1026 562 ita,
1063 507 1203 553 exivit
1242 505 1374 554 frater
1413 504 1524 570 ejus,
1566 507 1694 571 quod
1733 506 1956 570 significet
1993 523 2174 565 verum,
2218 506 2393 555 cOnstat
2429 524 2486 556 ex

491 570 816 633 significatione
838 570 1000 629 fratris,
1037 572 1163 634 quod
1198 573 1251 620 fit
1290 572 1482 629 bonurn,
1518 585 1618 621 tum
1651 589 1833 637 quoque
1860 590 2038 632 verum,
2075 574 2173 621 haec
2213 573 2366 622 fratres
2402 590 2484 622 vo·

490 650 680 694 cantur,
718 639 843 703 quod
861 638 1047 685 charitas
1064 639 1117 685 fit
1139 635 1271 686 frater
1292 639 1417 695 fidei,
1454 638 1525 685 seu
1551 639 1725 687 bonum
1749 639 1882 686 frater
1903 644 2015 698 veri,
2052 636 2259 688 videatur
2280 658 2338 689 n:
2369 642 2482 706 367,

489 704 553 750 ita
576 706 783 762 viciffim,
819 705 882 751 est
906 706 1015 751 fides
1052 703 1183 751 frater
1219 705 1458 761 charitatis,
1494 705 1567 752 seu
1592 722 1754 753 verum
1783 705 1917 754 frater
1941 707 2082 763 boni,
2119 710 2258 755 etiam
2280 708 2324 754 in
2350 721 2482 755 natu-

489 770 583 828 rali,
608 771 784 818 affeffio
808 771 916 818 boni
936 783 1124 818 vocatur
1143 769 1291 829 frater,
1318 772 1367 818 δε
1391 771 1568 818 affectio
1588 774 1683 819 veri
1704 771 1894 830 soror,‘n
1914 792 1924 821 ε
1954 776 2097 837 3160,
2135 776 2271 822 etiam
2298 777 2484 822 maritus

487 836 536 882 δε
563 838 740 896 mulier,
778 850 878 885 tum
903 838 972 884 vir
995 838 1043 885 δε
1069 837 1231 885 mulier
1251 861 1265 894 3
1302 837 1376 885 sed
1398 838 1497 885 haec
1521 836 1696 902 semper
1718 840 1765 886 in
1788 839 1985 903 respeftu
2008 841 2064 888 ad
2089 840 2224 889 status
2243 840 2300 888 de
2315 842 2484 905 quibus

485 915 647 950 amtur.
1783 925 1785 929 ¹

509 943 542 966 0
555 988 580 1033 3
589 988 697 1034 304.
735 970 798 1017 Et
823 987 980 1018 manus
1009 968 1103 1035 ejus
1132 970 1414 1034 prehendens
1446 972 1492 1018 in
1514 971 1772 1020 calcaneum
1795 971 1949 1030 Esavi,
1984 973 2111 1036 quod
2135 972 2356 1036 significet
2379 975 2482 1022 infi-

485 1051 616 1084 mum
650 1038 756 1084 boni
794 1037 1002 1084 naturalis
1039 1039 1111 1085 cui
1147 1038 1402 1084 adhaerebat
1443 1039 1590 1100 aliqua
1630 1040 1848 1102 potentia,
1884 1039 2055 1093 constat
2077 1057 2132 1087 ex
2155 1040 2482 1104 significatione

483 1118 659 1160 manus,
695 1104 820 1167 quod
856 1103 910 1150 fit
949 1104 1164 1166 potentia,
1216 1103 1273 1149 de
1311 1119 1399 1165 qua
1437 1120 1494 1151 n:
1527 1109 1638 1167 878,
1691 1106 1740 1152 ἃ·
1780 1105 1907 1167 quod
1944 1108 2219 1168 praedicetur
2260 1107 2316 1153 de
2352 1123 2482 1165 vero,

484 1184 542 1216 n:
573 1187 693 1235 3091
719 1192 733 1226 ;
769 1186 825 1216 ex
846 1170 1172 1232 significatione
1195 1168 1484 1232 prehendere,
1520 1170 1648 1232 quod
1687 1170 1741 1216 fit
1781 1170 2039 1226 adhaerere3
2075 1188 2131 1218 ex
2155 1172 2479 1235 significatione

481 1236 687 1294 calcanei,
723 1236 850 1300 quod
889 1236 943 1283 fit
980 1236 1195 1282 infimum
1235 1235 1461 1292 naturalis,
1498 1235 1555 1282 de
1587 1251 1678 1299 qua
1712 1253 1932 1298 n12593
1970 1237 2018 1283 δι
2043 1252 2068 1283 a
2092 1237 2481 1300 repraesentatione

478 1302 630 1361 Esavi,
666 1303 792 1366 quod
818 1302 871 1350 fit
892 1302 1068 1350 bonum
1092 1301 1317 1358 naturalis,
1355 1302 1412 1348 de
1434 1317 1525 1366 qua
1548 1319 1608 1350 n:
1639 1321 1663 1367 3
1673 1320 1802 1367 3023
1838 1302 1943 1349 inde
1978 1315 2118 1366 patet,
2155 1303 2283 1367 quod
2322 1319 2484 1352 manus

478 1367 572 1432 ejus
599 1369 889 1434 ¹prehendens
926 1371 972 1416 in
1013 1368 1271 1416 calcaneum
1311 1367 1445 1416 Esavi
1492 1369 1714 1432 significet
1751 1369 1966 1417 infimum
2006 1369 2366 1417 boni*naturalis
2403 1372 2482 1418 cui

476 1451 639 1484 verum
668 1436 920 1484 adhaerebat
951 1437 1097 1499 aliqua
1118 1436 1331 1499 potentia.
1403 1436 1528 1482 Cum
1551 1436 1655 1494 hoc,
1693 1436 1820 1501 quod
1845 1436 2019 1483 Verum
2053 1436 2283 1491 adhaeserit
2315 1437 2485 1486 infimo·

477 1501 600 1551 bono
640 1503 846 1551 naturalis
883 1502 1030 1567 aliqua
1068 1503 1284 1566 potentia,
1322 1504 1384 1549 ita
1423 1502 1464 1549 se
1501 1502 1663 1559 habet3
1701 1503 1914 1559 naturale,
1953 1502 2024 1550 seu
2065 1504 2277 1550 naturalis
2316 1504 2479 1562 homo,

477 1583 585 1616 cum
610 1582 910 1633 regeneratur,
947 1570 1294 1632 conceptionem
1332 1567 1454 1615 suam
1495 1570 1646 1631 quoad
1680 1569 1855 1616 bonum
1888 1570 1937 1616 &
1962 1585 2141 1626 verum,
2177 1569 2313 1617 habet
2335 1586 2360 1617 a
2383 1571 2478 1617 Ra-

476 1636 648 1693 tionali,
685 1636 757 1682 seu
794 1652 875 1699 per
910 1636 1170 1682 rationalem
1211 1651 1236 1681 a
1260 1634 1506 1697 Spirituali,
1555 1650 1635 1698 per
1670 1635 1792 1682 hunc
1833 1651 1859 1681 a
1894 1634 2100 1691 Coelesti,
2134 1635 2184 1682 δε
2208 1651 2289 1698 per
2309 1635 2430 1683 hunc
2452 1652 2483 1683 a,

475 1701 666 1760 Divino,
703 1701 1028 1754 itasuccedunt
1063 1700 1277 1757 influxus,
1313 1701 1394 1763 qui
1417 1716 1441 1747 a
1462 1700 1638 1747 Divino
1661 1701 1873 1748 inchoans
1895 1716 1946 1748 ac
1967 1701 2028 1748 ita
2051 1700 2295 1751 succedens
2318 1704 2477 1750 termi-

475 1780 604 1815 natur
628 1771 673 1816 in
696 1768 927 1815 Naturalis
949 1767 1128 1824 infimo,
1165 1766 1251 1814 hoc
1276 1765 1355 1823 est,
1390 1767 1436 1813 in
1479 1766 1711 1815 mundano
1746 1768 1798 1814 ὅτ
1836 1782 2090 1830 corporeo3
2126 1783 2235 1815 curn
2277 1769 2476 1817 naturale

475 1835 690 1882 infimum
713 1836 827 1882 vitio
863 1834 1078 1882 affectum
1101 1833 1164 1881 est
1187 1849 1268 1897 per
1288 1832 1623 1880 haereditarium
1646 1850 1671 1880 a
1693 1846 1851 1890 matre,
1887 1845 1997 1881 tunc
2038 1849 2130 1880 non
2165 1833 2314 1896 potest
2353 1835 2481 1883 bono

473 1903 592 1948 uniri
619 1918 796 1958 verum,
834 1901 908 1948 sed
948 1900 1091 1948 modo
1130 1901 1170 1947 ei
1205 1899 1430 1946 adhaerere
1463 1898 1625 1962 =aliqua
1654 1901 1871 1963 potentia,
1907 1914 1991 1945 nec
2013 1900 2139 1962 prius
2163 1898 2286 1946 bono
2317 1902 2479 1948 unitur

473 1983 653 2026 verum,
688 1984 826 2032 quam
859 1984 967 2015 cum
1000 1968 1166 2014 vitium
1207 1966 1321 2014 illud
1361 1965 1569 2013 abactum
1612 1965 1704 2021 est,
1740 1982 1846 2029 quae
1870 1963 1995 2012 causa
2017 1963 2098 2023 est,
2133 1964 2260 2029 quod
2283 1966 2479 2030 quidem

473 2033 648 2082 bonum
681 2034 975 2084 connoscatur
1005 2033 1200 2090 homini,
1237 2048 1328 2080 non
1367 2044 1520 2078 autem
1558 2047 1738 2088 verum,
1775 2031 1879 2079 ideo
1911 2029 2099 2080 infantes
2139 2030 2302 2095 absque
2342 2033 2475 2081 omni.

473 2103 733 2165 cognitione
755 2102 849 2148 veri
873 2100 989 2156 sunt,
1026 2101 1075 2147 δε
1100 2099 1223 2163 quod
1249 2097 1570 2145 addiscendum
1594 2113 1757 2145 verum
1782 2097 1851 2155 fit,
1887 2098 1938 2145 ὅτ
1962 2097 2068 2145 dein
2091 2095 2471 2162 conjungendum

472 2167 610 2225 bono,
646 2168 853 2215 videatur
888 2183 949 2214 n:
982 2170 1119 2228 1831.
1149 2169 1203 2214 18
1210 2182 1307 2229 32;
1343 2176 1621 2228 quapropter
1653 2166 1792 2220 etiam
1828 2165 2011 2222 dicitur,
2063 2165 2191 2228 quod
2232 2164 2473 2213 colliserint

471 2233 594 2294 selin
636 2234 789 2281 medio
828 2230 939 2295 ejus,
974 2232 1062 2279 hoc
1102 2231 1182 2288 est,
1218 2232 1539 2295 pugnaverint,
1577 2247 1638 2279 n:
1666 2235 1827 2295 3289,
1864 2230 1971 2278 inde
2010 2229 2090 2288 est,
2126 2231 2253 2295 quod
2276 2233 2474 2295 aprima

471 2302 768 2364 conceptione
792 2315 954 2347 verum
975 2296 1231 2362 supplantet
1254 2297 1446 2354 bonum,
1482 2297 1597 2344 ficut
1617 2297 1787 2350 dicitur
1816 2297 1873 2344 de
1896 2296 2072 2358 Jacobo
2095 2297 2223 2362 quod
2246 2297 2473 2355 Esavum,

472 2372 506 2394 “
540 2368 672 2415 Num
695 2366 823 2430 quod
846 2377 983 2413 vocat
1016 2381 1184 2413 nomen
1213 2364 1332 2412 illius
1355 2363 1517 2425 Jacob,
1554 2363 1926 2428 &supplantavit
1959 2380 2024 2412 me
2058 2363 2127 2411 his
2161 2363 2324 2412 duabus
2359 2366 2472 2412 vicia

469 2434 594 2491 bus,”
630 2434 762 2481 Gen:
789 2449 961 2480 xxvn:
992 2433 1082 2495 36:
1137 2433 1185 2479 &
1228 2431 1350 2495 apud
1387 2429 1669 2488 Hoscheam,
1706 2435 1740 2479 “.
1766 2430 1848 2478 Ad
1870 2429 2146 2477 visitandum
2181 2429 2312 2494 super
2333 2430 2472 2492 Jaco-

470 2500 582 2547 bum
607 2502 702 2546 vias
723 2497 836 2563 ejus,
871 2498 1120 2546 secundum
1152 2514 1290 2561 opera
1327 2493 1423 2561 ejus
1462 2497 1676 2544 retribuet
1714 2498 1772 2554 ei,
1810 2498 1856 2543 in
1895 2507 2013 2544 utero
2042 2497 2352 2559 supplantavit
2359 2496 2472 2558 fra-

470 2576 576 2613 trem
589 2566 765 2628 filum?
792 2581 903 2612 xxx:
933 2582 974 2627 3.
1002 2582 1048 2625 4.
1108 2565 1207 2626 Qri
1246 2565 1292 2609 in
1332 2563 1577 2610 Historicis
1610 2563 1759 2611 solum
1798 2573 2001 2610 mentem
2041 2573 2213 2617 tenent,
2248 2577 2332 2614 nec
2368 2577 2470 2609 eam

442 2646 681 2678 vamovere
720 2629 831 2676 inde·
860 2631 1059 2693 poffunt,
1095 2645 1188 2676 non
1219 2628 1342 2675 aliud
1381 2627 1542 2683 sciunt,
1578 2644 1720 2690 quarn
1753 2628 1880 2690 quod
1920 2626 2037 2683 haec,
2071 2627 2122 2673 &
2154 2642 2262 2689 quae
2297 2642 2468 2690 praece-

471 2698 603 2754 dunt,
639 2697 944 2760 praenuntient
981 2695 1056 2742 illa
1089 2711 1195 2758 quae
1227 2706 1474 2740 evenerunt
1505 2694 1620 2739 inter
1641 2692 1842 2740 Esavum
1864 2692 1914 2738 &
1938 2692 2184 2753 jacobum,
2219 2692 2276 2739 de
2298 2692 2473 2755 quibus*

470 2781 493 2811 a
517 2762 803 2827 sequentibus
824 2763 958 2808 etiam
983 2761 1341 2814 confirmantur3
1378 2758 1451 2805 sed
1475 2757 1561 2804 tale
1590 2757 1653 2804 est
1674 2758 1882 2805 Verbum
1906 2759 2115 2815 Domini,
2151 2759 2276 2821 quod
2301 2758 2464 2806 Histo-

470 2832 560 2877 rica
595 2831 639 2875 in
680 2828 753 2874 sua
792 2827 894 2874 serie
931 2827 1033 2882 fint',
1067 2827 1117 2873 δε
1141 2825 1400 2888 spiritualia,
1432 2839 1538 2887 quae
1577 2822 1682 2870 sunt
1718 2823 1863 2871 sensus
1902 2825 2080 2880 interni,
2117 2824 2164 2869 in
2188 2823 2278 2882 sua,
2315 2837 2366 2872 ut
2390 2825 2468 2872 illa.

470 2895 722 2960 spectentur
758 2893 813 2940 ab
853 2893 1056 2940 Externo
1099 2892 1326 2947 homines
1354 2890 1453 2936 haec
1500 2901 1651 2936 autem
1692 2889 1749 2936 ab
1786 2891 1994 2946 Interno,
2050 2890 2102 2937 &
2148 2889 2207 2937 fic
2253 2890 2306 2938 fit
2349 2892 2470 2938 inter·

470 2976 733 3025 utrumque,
770 2976 933 3023 nempe
955 2959 1211 3006 Externum
1236 2956 1471 3004 hominem
1496 2955 1546 3002 &
1571 2956 1806 3004 Internum
1841 2955 2265 3020 correspondentia3
2301 2957 2350 3004 &
2373 2957 2467 3005 hoc⁴

468 3045 548 3094 per
570 3027 795 3083 Verbum,
832 3025 1038 3072 Verbum
1070 3026 1192 3071 enirn
1222 3023 1284 3070 est
1306 3023 1414 3070 unio
1437 3033 1567 3069 terrae
1590 3022 1640 3068 &
1664 3022 1788 3080 coeli,
1823 3034 1876 3069 ut
1905 3022 2072 3086 pluries
2109 3021 2365 3079 ostensum,
2401 3025 2470 3071 ita

470 3100 514 3143 in
536 3095 810 3158 unoquovis,
847 3092 926 3155 qui
950 3094 996 3138 in
1020 3090 1168 3138 samito
1188 3089 1251 3136 est
1274 3105 1381 3136 cum
1406 3088 1518 3151 legit
1541 3088 1766 3146 Verbum,
1802 3087 1865 3136 est
1888 3089 1998 3139 unio
2022 3089 2213 3138 Externi
2249 3087 2344 3154 ejus
2377 3088 2466 3137 ho..

467 3163 602 3212 minis
626 3162 705 3228 qui
729 3159 790 3207 est
814 3161 860 3207 in
884 3172 1016 3216 terra,
1050 3174 1158 3205 cum
1181 3157 1366 3206 Interno
1387 3153 1480 3220 ejus
1501 3154 1581 3219 qui
1602 3155 1666 3204 est
1688 3157 1733 3203 in
1755 3154 1898 3204 coelo.

2316 3237 2466 3286 3305·
