2904 3750
720 155 1676 277 cAthT'vieEsmuM
1724 202 2106 274 Nouum.
2266 230 2391 296 521

376 364 379 365 ⁷
411 338 676 402 &servivit
707 352 798 387 cum
833 350 880 389 ω
914 337 1053 385 adhuc
1073 339 1238 402 septem
1267 340 1393 385 annis
1415 337 1533 384 aliis.
1608 327 1758 396 Imple
1798 334 2099 397 septimanam
2136 337 2267 395 hanc,
2308 340 2396 401 fig-

409 405 570 453 nificat
595 404 732 453 studii
755 403 1110 452 succeflionem:
1147 399 1198 450 &
1223 403 1440 450 dabimus
1475 402 1625 448 etiam·
1653 400 1780 447 illam
1815 400 1860 446 in
1897 402 2126 451 servitium
2158 406 2280 467 quod
2308 406 2396 453 ser-

408 471 505 519 vias
543 486 648 519 cum
691 487 766 518 me
802 469 955 518 adhuc
977 469 1163 533 ,septem
1197 469 1326 514 annis
1359 467 1476 522 aliis,
1514 466 1743 528 fignificat
1777 466 1903 530 quod
1940 478 2048 514 tunc
2080 469 2210 516 status
2233 472 2394 534 pierius

412 535 582 585 studii:
618 535 670 584 δι
699 535 808 583 fecit
830 534 983 595 Jacob
1006 533 1089 588 ita,
1125 531 1409 594 &implevit
1434 531 1738 595 septimanam
1766 532 1901 588 hanc,
1938 532 2158 594 fignificat
2179 535 2393 584 effeetom

414 602 635 650 illorum:
671 600 723 648 &
745 600 876 648 dedit
899 598 940 646 ei
967 597 1220 646 Rachelem
1244 598 1392 646 filiam
1419 597 1538 646 suam
1563 597 1605 645 ei
1645 598 1692 644 in
1730 597 1997 650 mulierem..
2030 596 2255 660 fignificat
2288 615 2394 649 tunc

409 662 1707 800 {issfffifffffiiffiffsscffiffmaisiffliii{Taffssfflffif
1727 663 2397 793 ·fi{5‚2f-3{;³·32,¹<1‡¹3?3s3}253521

411 799 560 846 tiones
595 813 699 862 quae
728 797 909 844 vincula
942 795 1018 843 seu
1055 797 1210 845 media
1241 796 1569 848 inservientia:
1605 795 1657 843 &
1693 796 1822 844 venit
1856 796 1996 847 etiam
2036 795 2094 843 ad
2125 797 2394 854 Rachelem,

412 863 642 927 fignificat
663 861 1035 927 conjunfflonem
1059 877 1165 911 cum
1200 861 1457 912 affefflone
1479 861 1579 911 veri
1620 862 1820 910 interni:
1858 864 1906 911 δε
1938 863 2115 910 amavit
2136 865 2272 912 etiam
2303 865 2394 912 Ra-

404 929 591 977 chelem
618 945 717 994 prae
739 929 892 987 Leah,
931 928 1157 993 fignificat
1178 945 1387 978 amorem
1411 929 1511 976 veri
1536 926 1703 976 interni
1729 945 1829 994 prae
1851 944 1964 977 vero
1982 941 2203 977 externo:
2239 931 2287 978 δε
2309 930 2396 978 ser-

408 995 534 1043 vivit
557 1011 665 1044 cum
691 995 923 1048 coadhuc
945 990 1121 1058 septem
1151 995 1286 1043 annis
1307 994 1411 1043 aliis
1435 994 1663 1057 fignificat
1684 992 1884 1042 studium
1910 994 2133 1044 sanfitum.

478 1065 624 1126 3845.
663 1061 817 1125 Imple
834 1059 1143 1127 septimanam
1162 1061 1299 1119 hanc,
1323 1061 1452 1127 quod
1478 1061 1704 1124 fignificet
1726 1061 1875 1109 adhuc
1898 1060 2031 1109 studii
2058 1060 2394 1122 successionem,

405 1127 582 1178 constat
602 1144 630 1175 a
653 1127 990 1192 significatione
1014 1127 1227 1192 implere,
1261 1131 1387 1192 quod
1412 1127 1486 1175 hic
1511 1127 1565 1175 fit
1587 1125 1771 1184 servire,
1807 1126 1880 1175 seu
1908 1126 2104 1191 implere
2127 1127 2391 1184 serviendo,

369 1243 377 1246 -
408 1194 472 1242 ita
527 1192 618 1242 uod
642 1193 695 1240 fit
724 1192 941 1250 studium,
977 1193 1036 1240 de
1059 1210 1149 1257 qua
1176 1210 1203 1240 n
1225 1211 1237 1241 ε
1265 1198 1430 1256 38243
1466 1192 1517 1240 δε
1539 1210 1566 1241 a
1587 1192 1927 1256 significatione
1950 1192 2239 1258 septimanae,
2265 1197 2396 1259 quod

409 1260 465 1308 fit
532 1271 628 1307 atus
651 1259 701 1308 δι
723 1274 908 1323 quoque
931 1259 1110 1323 integra
1132 1259 1370 1323 periodus,
1406 1259 1466 1306 de
1501 1275 1591 1324 qua
1615 1270 1678 1306 nt
1706 1263 1818 1324 728.
1846 1275 1992 1320 2044,
2025 1259 2105 1307 hic
2138 1260 2289 1329 itaque
2311 1261 2398 1309 sta-

409 1338 483 1374 tus
506 1324 558 1372 δι’
590 1324 805 1390 periodus
828 1324 1036 1390 sequens,
1072 1324 1269 1389 proinde
1302 1324 1622 1374 succeffivum:
1659 1325 1702 1372 se
1741 1325 1879 1373 habet
1913 1341 2021 1373 curn
2060 1325 2401 1389 significatione
2447 1366 2461 1378 .

409 1391 680 1456 septimanae
705 1390 818 1440 ficut
844 1390 1315 1455 cumfignificatione
1340 1391 1521 1449 mensis,
1554 1391 1614 1438 de
1646 1406 1737 1456 qua
1760 1407 1791 1438 n
1817 1408 1830 1439 :
1855 1395 2004 1454 3814,
2036 1392 2180 1456 quod,
2217 1408 2322 1441 cum
2349 1393 2398 1441 in

407 1457 622 1521 singulari
653 1459 936 1516 nominatur,
971 1457 1025 1506 fit
1059 1457 1168 1506 finis
1199 1457 1338 1507 status
1367 1457 1539 1523 prioris
1575 1456 1626 1504 δε
1661 1457 1942 1522 principium
1976 1458 2112 1506 status
2148 1457 2395 1522 sequentis,

410 1523 477 1571 ita
501 1523 635 1572 statu‘s
658 1539 821 1582 novus,
855 1539 997 1588 quem
1022 1523 1218 1589 implere
1246 1523 1313 1572 est
1345 1540 1370 1572 a
1395 1523 1631 1589 principio
1660 1523 1718 1571 ad
1757 1523 1927 1572 finem:
1965 1524 2094 1588 quod
2126 1523 2396 1589 septimana,

406 1589 523 1638 ficut
547 1589 707 1638 omnia
728 1601 942 1654 tempora
964 1589 1011 1637 in
1038 1590 1205 1654 specie,
1231 1589 1287 1638 fit
1309 1589 1446 1638 status
1470 1589 1521 1637 &
1545 1604 1727 1654 quoque
1750 1588 1990 1653 periodus,
2010 1589 2075 1637 est
2105 1591 2212 1654 quia
2234 1605 2398 1640 omnes

410 1655 548 1703 status
583 1657 722 1704 etiam
761 1654 855 1709 suas
890 1655 1107 1719 periodos
1139 1655 1329 1712 habent,
1365 1655 1457 1703 hoc
1487 1654 1576 1712 est,
1608 1655 1733 1702 suum
1764 1655 2067 1718 principium,
2110 1656 2397 1705 succeffivum

403 1720 463 1767 δε
486 1721 650 1778 finem,
688 1719 755 1767 ast
786 1721 887 1768 haec
919 1735 1014 1768 non
1041 1733 1091 1768 ut
1113 1731 1330 1784 tempora
1352 1720 1668 1785 percipiuntur
1693 1720 1740 1767 in
1768 1719 1907 1767 altera
1927 1721 2045 1778 vita,
2080 1720 2155 1769 sed
2190 1734 2242 1770 ut
2265 1722 2399 1770 status

380 1839 384 1841 ,
407 1787 461 1836 &
488 1802 649 1836 eorum
672 1786 944 1835 volutiones.
1012 1786 1115 1834 Hic
1137 1785 1373 1835 manifeste
1402 1798 1546 1851 patet,
1581 1785 1690 1850 quid
1726 1801 1810 1850 per
1846 1785 2149 1850 septimanam
2172 1788 2232 1835 ab
2254 1790 2399 1837 Anti·

404 1853 511 1917 quis
537 1852 821 1901 intelledum
845 1851 917 1910 fit,
953 1868 1125 1917 nempe
1147 1851 1196 1900 in
1222 1853 1412 1918 proprio
1434 1852 1560 1901 sensu
1582 1851 1736 1900 omnis
1753 1851 1972 1916 periodus
1993 1852 2206 1901 distin&a
2231 1853 2278 1901 in
2300 1854 2401 1921 sep·

408 1931 522 1975 tem,
561 1919 648 1965 five
671 1917 854 1966 dierum
879 1917 1039 1975 fuerit,
1076 1918 1168 1968 five
1189 1934 1436 1976 annorum,
1474 1919 1564 1967 five
1582 1917 1871 1976 saeculorum,
1904 1918 1971 1967 ita
1994 1919 2086 1968 five
2109 1935 2280 1983 magna
2302 1919 2399 1970 fue-

397 1983 478 2032 ·rit
503 1983 592 2031 five
615 1999 776 2048 parva,
810 1983 889 2031 hic
922 1983 1050 2047 quod
1083 1983 1137 2031 fit
1170 1984 1394 2047 periodus
1423 1984 1603 2049 septem
1625 2000 1853 2033 annorum
1878 1997 2005 2049 patet
2025 2006 2042 2041 ·,
2075 1985 2125 2033 δε
2158 1985 2266 2050 quia
2303 1987 2401 2053 sep·

411 2061 510 2098 tem
541 2049 668 2114 apud
694 2047 811 2098 iilos
850 2047 1168 2112 significabant
1204 2048 1425 2107 sanc‘tum,
1461 2067 1493 2098 n
1534 2067 1548 2097 ι
1590 2054 1655 2111 84
1682 2050 1742 2099 ad
1767 2054 1846 2115 87.
1867 2067 1980 2115 395⁴
2006 2067 2120 2115 433.
2146 2053 2259 2116 716.
2286 2057 2402 2112 881,

410 2114 668 2180 septimana
691 2114 800 2163 inde
823 2113 1109 2178 significabat
1132 2114 1330 2164 sanetam
1356 2114 1622 2179 periodum,
1657 2117 1710 2164 &
1730 2131 1916 2181 quoque
1940 2118 2142 2166 sanetum
2166 2118 2366 2182 periodi.

482 2182 628 2246 3846.
665 2180 730 2230 Et
750 2179 966 2230 dabimus
988 2181 1077 2229 tibi
1099 2181 1241 2230 etiam
1265 2181 1392 2229 illam
1415 2181 1463 2229 in
1487 2181 1716 2229 servitium
1740 2182 1870 2246 quod
1892 2181 2060 2232 servias
2081 2199 2185 2232 cum
2200 2201 2286 2233 me
2318 2187 2401 2234 ad-

410 2248 506 2298 huc
528 2246 703 2312 septem
728 2246 864 2295 annis
889 2245 1010 2304 aliis,
1046 2247 1175 2312 quod
1200 2247 1425 2312 significet
1458 2247 1588 2312 quod
1612 2260 1722 2296 tunc
1745 2247 1878 2295 status
1908 2247 2073 2312 plenus
2099 2249 2258 2308 studii,
2290 2267 2403 2300 con·

412 2314 498 2362 stat
518 2328 576 2362 ex
598 2312 939 2376 fignifioetione
961 2312 1132 2362 servitii
1156 2313 1209 2361 ὅτ
1243 2313 1431 2380 servire,
1468 2313 1593 2379 quod
1618 2314 1670 2362 fit
1692 2313 1910 2371 studium,
1947 2313 2007 2362 de
2034 2330 2124 2378 qua
2152 2331 2181 2362 n
2199 2333 2214 2363 :
2246 2322 2404 2380 38243

413 2380 466 2428 δε
489 2395 517 2427 a
537 2377 873 2442 significatione
896 2377 1073 2442 septem
1095 2395 1340 2439 annorum,
1374 2382 1500 2444 quod
1531 2380 1585 2429 fit
1617 2379 1742 2428 idem
1776 2395 1885 2427 cum
1916 2379 2188 2444 septimana,
2230 2399 2403 2447 nempe

413 2444 556 2493 status
593 2445 645 2493 δε
678 2444 858 2507 integra
884 2444 1119 2509 periodus,
1153 2457 1204 2493 ut
1245 2461 1358 2494 mox
1392 2445 1525 2510 supra
1557 2462 1620 2494 n:
1648 2450 1794 2510 3845,
1832 2445 1896 2493 ita
1929 2445 2068 2493 status
2101 2446 2282 2509 plenus,
2316 2453 2400 2514 qui

415 2525 602 2575 quoque
643 2509 837 2567 saneim,
872 2522 924 2557 ut
962 2525 993 2558 n
1020 2527 1032 2557 ε
1059 2515 1220 2574 3824:
1256 2527 1342 2576 per
1382 2511 1595 2560 dabimus
1633 2512 1719 2560 tibi
1758 2510 1898 2561 etiam
1938 2511 2088 2573 illam,
2122 2511 2404 2576 significatur

414 2576 545 2642 quod
591 2588 703 2624 tunc
734 2574 1002 2641 conjunffio
1046 2593 1152 2626 cum
1185 2576 1428 2627 affectione
1456 2578 1555 2627 veri
1591 2578 1770 2627 interni.
1841 2577 1981 2640 Qod
2018 2576 2187 2626 servire
2222 2581 2277 2630 fit
2312 2578 2401 2629 stu-

417 2642 554 2691 dium
588 2643 637 2690 in
674 2641 800 2690 sensu
827 2644 1027 2700 interno,
1061 2643 1128 2692 est
1149 2643 1258 2708 quia
1284 2644 1419 2693 labor
1441 2644 1521 2710 qui
1544 2643 1611 2693 est
1633 2643 1828 2693 Externi
1853 2643 2074 2702 hominis,
2111 2645 2176 2694 est
2199 2645 2403 2697 studium

418 2707 468 2756 in
493 2708 676 2761 interno
697 2730 713 2764 3
747 2707 857 2757 inde
881 2710 1081 2758 studium
1104 2722 1300 2759 vocatur
1327 2712 1497 2760 mentis
1520 2711 1668 2760 labor.

414 2779 634 2889 &32⁸1ssss
661 2773 867 2898 ῗῧὲἷὲἳὲῖ
882 2775 1478 2907 {22052123311322123332
1486 2776 2407 2910 12‘23122‘523321sszzisffssssssdfisfffiffii}

302 2914 305 2917 “
366 2950 370 2952 .
415 2904 645 2964 succeffio,
678 2919 731 2955 ut
764 2905 901 2972 supra
924 2924 954 2955 n
980 2926 992 2956 ε
1018 2912 1168 2972 3845,
1203 2909 1282 2957 hic
1303 2909 1430 2974 quod
1452 2909 1505 2958 fit
1526 2909 1720 2960 effectus
1752 2909 1847 2972 ejus
1871 2923 2010 2977 patet.

487 2974 632 3034 3848.
667 2970 733 3020 Et
754 2973 888 3022 dedit
907 2974 950 3024 ei
972 2974 1228 3030 Rachelem
1255 2975 1404 3024 filiam
1429 2975 1553 3025 suam
1581 2977 1624 3025 ei
1647 2979 1695 3025 in
1719 2977 1982 3035 mulierem,
2017 2975 2145 3041 quod
2171 2976 2407 3041 significet

418 3047 527 3085 tunc
557 3036 931 3102 conjunftionem
965 3040 1080 3089 boni
1113 3056 1222 3090 cum
1257 3040 1504 3104 affeffione
1536 3044 1637 3092 veri
1674 3043 1919 3099 interioris,
1966 3043 2143 3091 constat
2170 3060 2198 3091 a
2232 3057 2402 3105 reprae-

420 3101 675 3151 sentatione
698 3104 880 3164 jacobi,
914 3105 1044 3169 quod
1076 3107 1129 3156 fit
1164 3109 1343 3157 bonum
1368 3109 1627 3167 Naturalis,
1662 3109 1722 3157 de
1755 3126 1846 3173 qua
1868 3109 2029 3172 prius3
2063 3124 2122 3156 ex
2153 3106 2402 3173 repraesen·

419 3167 595 3219 tatione
617 3169 856 3230 Rachelis‚
890 3169 1017 3237 quod
1039 3172 1094 3224 fit
1115 3172 1302 3227 affectio
1317 3175 1414 3287 νῧί
1440 3175 1693 3233 interioris.
1729 3174 1787 3223 de
1809 3189 1900 3239 qua
1923 3175 2065 3225 etiam
2083 3174 2205 3239 prius
2223 3196 2240 3231 ς
2273 3170 2402 3285 qud

772 3256 774 3258 ’
1280 3255 1282 3258 ’
1419 3254 1452 3286 ιι
1474 3254 1504 3288 u
2327 3252 2419 3292 are,
