2904 3750
595 225 947 290 CAPUT
998 222 1606 301 VIGESIMUM
1661 222 2204 311 SEPTIMUM.
2294 244 2426 307 347

421 355 536 427 Ipso
587 355 784 429 loquuti
826 356 955 419 sunt,
993 364 1051 406 ut
1087 354 1141 405 δε
1173 352 1263 423 qui
1305 352 1670 436 praedicarunt5
1718 351 1939 404 {imiliter
1980 371 2101 405 cum
2145 353 2466 406 nominatur.

420 375 675 484 Charitas
683 433 737 484 δε
761 430 919 483 fides.
956 428 1068 480 sunt
1092 425 1250 478 tales
1235 444 1286 478 m
1308 426 1499 479 interna
1522 426 1704 490 forma,
1742 445 1856 498 quae
1883 426 1952 478 ibi
1978 427 2332 491 manifestatur,
2371 439 2430 480 ut

419 504 472 569 fi,
512 506 678 559 dum
663 524 716 558 m
748 503 944 557 mundo
968 501 1215 563 vixerunt,
1254 511 1456 553 externa
1500 500 1596 553 illis
1641 501 1798 553 soluta
1838 502 1891 554 &2
1933 501 2167 573 adempta
2208 501 2278 553 fui
2286 503 2423 565 fient,

418 577 518 633 hoc
560 581 649 643 est,
688 579 726 630 fi
763 595 867 631 non
910 576 978 629 ibi
1018 575 1291 628 timuifl'ent
1324 575 1453 638 vitae,
1494 577 1547 628 ὅτ
1585 575 1857 628 timuiffent
1900 576 2049 647 legeS,
2088 595 2144 629 ac
2178 577 2425 648 imprimis

416 653 453 705 fi
493 672 597 706 non
636 650 910 705 timuiflent
952 650 1102 703 famae
1147 662 1350 723 propter
1395 649 1609 703 honores
1655 670 1782 722 quos
1823 651 2137 703 ambiverunt
2179 652 2231 703 &
2273 651 2424 703 affec-

414 739 656 790 taverunt,
705 728 758 779 δι’.
798 737 1000 798 propter
1040 744 1160 797 opes
1206 744 1328 797 quas
1375 727 1770 798 concupiverunt
1804 728 1856 779 δε
1900 726 2040 778 avide
2082 725 2422 797 quaefiverunt‚

413 801 612 856 ruiffent
654 819 782 854 unus
830 814 1002 854 contra
1046 801 1260 854 alterum
1296 820 1360 854 ex
1398 800 1632 853 intestino
1671 801 1788 853 odio
1829 800 2105 854 secundum
2141 814 2346 853 conatu
2371 802 2424 852 ὅτ,

411 877 750 947 cogitationes,
792 878 844 928 &
870 877 1054 948 absque
1096 875 1199 928 uua
1241 868 1539 929 conscientia
1579 876 1886 949 diripuissent
1925 876 2138 928 aliorum
2180 877 2327 937 bona,
2371 877 2423 927 δε

411 969 616 1022 quoque
642 952 826 1022 absque
851 951 953 1003 ulla
980 939 1278 1003 conscientia
1302 949 1685 1015 trucidavifl‘ent,
1725 969 1881 1023 quam
1908 952 2131 1003 maxime
2171 950 2421 1012 insonteS,

410 1025 528 1091 tales
565 1026 676 1078 sunt
700 1025 969 1078 Christiani
1010 1024 1163 1078 hodie
1206 1016 1374 1096 quoad
1421 1025 1666 1090 interiora,
1707 1039 1880 1099 praeter
1921 1043 2106 1098 paucos
2147 1044 2273 1096 quos
2319 1043 2422 1076 non

410 1101 745 1171 cognoscunt·
731 1142 747 1163 ‚
787 1101 903 1153 inde
928 1112 1080 1174 patet,
1121 1101 1281 1172 qualis
1307 1100 1378 1153 est
1403 1099 1639 1153 Ecclefia.

981 1359 1038 1472 c
1089 1411 1151 1470 A
1199 1411 1249 1471 Ρ
1296 1408 1358 1470 U
1406 1409 1470 1471 T
1561 1384 1833 1473 xxvii.

421 1576 464 1611 1.
640 1559 692 1610 T
718 1557 831 1622 fuit,
870 1557 1010 1628 quod
1050 1557 1207 1608 senuit
1232 1555 1425 1625 Jishak,
1463 1555 1517 1607 δε
1542 1555 1820 1641 caligabant
1843 1556 1977 1608 oculi
2003 1556 2105 1626 ejus
2131 1574 2159 1608 a
2185 1555 2416 1620 videndO,

669 1633 722 1684 δε
765 1631 960 1684 vocavit
993 1630 1213 1682 Esavum
1258 1628 1425 1681 filium
1464 1628 1614 1682 suum
1659 1631 1920 1702 majorem,
1960 1632 2012 1685 δε
2037 1630 2164 1683 dixit
2188 1631 2252 1684 ad
2276 1650 2416 1697 eum,

410 1706 484 1762 fili
509 1707 600 1769 mi,
638 1707 692 1758 δε
716 1705 844 1758 dixit
867 1704 931 1758 ad
954 1723 1094 1768 eum,
1133 1721 1251 1758 ecce
1275 1721 1376 1756 me.

490 1798 537 1834 2.
576 1782 644 1833 Et
668 1781 812 1845 dixit,
852 1798 967 1835 ecoe
993 1745 1158 1851 qussso
1187 1779 1341 1842 senui,
1381 1796 1483 1833 non
1508 1778 1610 1832 scio
1633 1778 1771 1834 diem
1797 1777 1972 1832 mortis
1998 1797 2138 1832 meae.

492 1873 540 1924 3.
572 1856 647 1908 Et
672 1873 808 1908 nunc
832 1854 953 1908 tolle
977 1855 1142 1926 quaeso
1165 1873 1304 1909 arma
1328 1866 1431 1918 tua,
1470 1852 1756 1926 pharetram
1781 1867 1939 1919 tuam,
1978 1855 2032 1907 δι
2057 1873 2232 1909 arcum
2251 1867 2415 1921 tuum,

413 1931 466 1984 &
491 1926 573 1981 exi
599 1947 794 2001 agrum,
831 1931 886 1982 δε
911 1946 1089 1982 venare
1112 1928 1243 1983 mihi
1267 1930 1601 1983 venationem.
1690 1973 1693 1977 ,

490 2021 543 2072 4.
581 2004 650 2055 Et
674 2003 754 2056 fac
778 2002 908 2056 mihi
933 2003 1184 2075 cupediae,
1224 2003 1663 2089 quemadmodum
1694 2005 1877 2069 amavi,
1914 2006 1967 2058 δε
1992 2004 2155 2058 adduc
2179 2004 2326 2070 mihi,
2365 2008 2419 2060 &c

413 2079 579 2142 edam,
619 2090 878 2150 propterea
902 2089 960 2131 ut
982 2078 1245 2133 benedicat
1266 2078 1358 2130 tibi
1383 2079 1553 2132 anima
1577 2097 1709 2142 moe,
1747 2092 2018 2152 antequam
2043 2081 2246 2134 morior.

497 2172 545 2226 5.
602 2154 670 2206 Et
710 2153 942 2205 Rebecca
983 2153 1188 2206 audiens
1233 2153 1286 2205 in
1332 2151 1587 2223 loquendo
1626 2152 1830 2222 Jischak
1878 2155 1942 2207 ad
1987 2155 2205 2209 Esavum
2251 2153 2419 2210 filium

414 2228 595 2292 suum3
634 2230 686 2282 δε
719 2228 807 2281 ivit
830 2228 961 2283 Esau
1005 2246 1185 2301 agrum
1228 2227 1292 2280 ad
1335 2226 1625 2280 venandum
1665 2227 1999 2291 venationem,
2039 2229 2119 2281 ‘ad
2164 2230 2419 2283 adducen-

418 2303 561 2355 dum.

496 2379 546 2430 6.
585 2377 654 2429 Et
676 2378 910 2430 Rebecca
932 2376 1061 2430 dixit
1084 2377 1147 2430 ad
1168 2377 1421 2448 Jacobum
1447 2375 1613 2429 filium
1637 2376 1802 2440 suum,
1840 2376 2072 2440 dicendo,
2111 2395 2226 2431 ecce
2251 2378 2417 2432 audivi

416 2463 612 2524 patrem
636 2463 786 2504 tuum
811 2452 1084 2524 loquutum
1109 2453 1173 2505 ad
1198 2452 1418 2506 Esavum
1443 2450 1649 2506 fratrem
1674 2463 1840 2515 tuum,
1879 2452 2108 2505 dicendo.

491 2545 545 2599 7.
583 2525 774 2579 Adhuc
798 2525 929 2579 mihi
954 2528 1288 2591 venationem,
1325 2527 1380 2580 ὅτ.
1404 2525 1484 2579 fac
1523 2526 1654 2580 mihi
1679 2527 1929 2600 cupediae,
1969 2529 2022 2581 δε
2046 2527 2212 2591 edam,
2251 2529 2304 2582 ὅτ
2328 2528 2418 2582 be-

413 2601 647 2654 nedicam
671 2601 762 2653 tibi
786 2619 960 2655 coram
978 2597 1254 2673 ]ΕΗονΑΗ
1281 2613 1395 2656 ante
1417 2600 1640 2654 mortem
1665 2619 1854 2655 meam.

497 2674 545 2729 8.
583 2677 653 2730 Et
675 2694 830 2741 nunc,
868 2675 943 2729 fili
965 2677 1058 2742 mi,
1097 2676 1316 2731 ausculta
1339 2677 1452 2730 voci
1490 2694 1633 2741 meae,
1672 2677 1733 2729 ad
1759 2676 1898 2749 quod
1925 2696 2021 2751 ego
2046 2677 2278 2751 praecipio
2302 2678 2419 2733 tibi-

414 2762 547 2895 meg·
584 2826 727 2880 Vade
749 2825 915 2898 quaeso
939 2826 1003 2880 ad
1022 2844 1249 2900 gregem,
1286 2828 1340 2882 δε
1363 2826 1533 2900 accipe
1572 2825 1703 2881 mihi
1741 2827 1922 2881 exinde
1964 2827 2090 2881 duos
2128 2825 2298 2882 haedos
2337 2847 2421 2882 ca-

418 2917 650 2970 pratum
663 2902 840 2966 b0n08,
898 2903 952 2956 ὅτ,
995 2901 1179 2957 faciam
1222 2901 1334 2956 illos
1378 2901 1611 2976 cupedias
1651 2903 1779 2976 patri
1822 2914 1930 2968 tu0,
1984 2903 2422 2982 quemadmodum

412 2985 586 3100 mig.
621 3049 692 3102 Et
727 3050 944 3107 addums
987 3054 1114 3127 patri
1154 3065 1261 3119 tun,
1299 3055 1353 3108 ὅτ,
1375 3053 1508 3118 edat,
1544 3064 1807 3126 propterea
1830 3064 1888 3108 ut
1911 3053 2173 3108 benedicat
2196 3053 2288 3108 tibi
2312 3063 2423 3104 ante

421 3132 642 3176 mortem
669 3125 826 3180 suam.

1462 3201 1515 3255 X
1536 3218 1576 3254 x
1615 3218 1647 3255 2
2342 3217 2364 3253 1
2381 3215 2426 3252 1.
