2904 3750
723 147 1067 268 CAPUT
1113 184 1687 264 vaeruM
1734 198 2125 271 NoNuM.
2273 207 2410 296 489

403 347 553 398 retur,
586 348 810 387 vocantur
833 336 977 400 magi,
1013 329 1090 385 se'd
1127 334 1192 383 ita
1223 333 1339 384 dieti
1374 333 1478 382 sunt
1508 331 1734 398 sapientes
1769 332 1850 383 illo
1883 346 2112 401 tempore,
2148 348 2201 386 ut
2233 338 2411 389 constat

405 420 468 454 ex
489 406 697 470 pluribus
718 404 848 460 locis,
894 417 945 452 ut
967 401 1157 450 Gener:
1181 416 1270 448 xm
1298 417 1308 447 :
1338 405 1381 449 8.
1425 401 1565 447 Exod
1593 413 1703 448 :vn
1733 418 1743 448 ε
1774 418 1847 448 11.
1892 402 1995 449 Dan
2024 420 2036 449 t
2066 421 2105 450 11
2134 421 2144 450 :
2174 419 2250 466 27.
2296 407 2408 470 Cap.

416 489 490 520 ‘V
516 490 528 520 ²
554 489 601 537 32
636 489 682 533 4-
743 489 761 519 ἱ
792 471 934 532 Reg:
962 468 1037 513 V:
1068 483 1159 519 103
1211 465 1266 511 δι’
1307 466 1466 528 paffim
1500 466 1623 529 apud
1650 467 1922 531 Prophetas.
2002 469 2144 534 Qud
2190 471 2273 518 filii
2308 473 2406 518 ori-

405 539 601 650 fif-‘¹⁵5¹‘
617 536 863 650 feria
881 533 1016 663 aa
1037 531 1293 645 flagae

407 620 427 651 ι
467 620 504 651 is
555 619 614 651 un
639 638 654 660 ,
688 618 715 649 c
747 618 777 648 n
1286 607 1319 627 ‘⁶
1563 625 1565 628 ·
2120 635 2134 656 ,
2295 619 2323 649 o
2366 619 2411 650 es

398 669 604 732 Jehudae
644 665 1002 720 exscindentur3
1054 662 1331 712 involabunt
1366 664 1413 711 in
1447 664 1694 712 humerum
1722 665 2068 714 Philistaeorum
2113 666 2266 714 versus
2313 685 2409 715 ma-

409 751 494 792 re,
551 727 611 783 δέ
654 733 786 782 simul
823 730 1214 798 depraedabuntur
1251 729 1373 789 filios
1409 732 1627 778 orientis”
1669 748 1719 779 xi
1749 750 1759 778 :
1792 750 1863 792 14.
1933 732 2079 796 Apud
2106 733 2404 781 Ezechielem

400 809 443 832 “
478 802 654 850 Contra
676 800 797 848 filios
822 797 1098 854 Ammonis,
1132 811 1239 844 ecce
1262 794 1371 861 Ego
1394 796 1565 846 tradidi
1591 809 1638 844 te
1648 797 1766 857 filiis
1787 801 1970 846 orientis
1994 800 2042 846 in
2069 798 2408 857 haereditatem,

408 866 465 915 δε
492 867 784 916 collocabunt
825 863 1142 912 ordinationes
1187 862 1283 911 suas
1331 863 1378 910 in
1417 863 1495 910 te‘'
1554 879 1680 911 xxv:
1708 883 1755 921 4.
1789 882 1860 913 10.
1933 865 1983 912 In
2010 865 2163 914 Libro
2185 865 2410 926 Judicum

402 940 446 964 “
476 933 598 982 Cum
625 931 865 982 seminavit
894 929 1046 989 Israel,
1081 929 1133 976 δε
1164 928 1367 977 ascendit
1400 928 1589 977 Midian
1623 929 1675 976 &
1699 929 1950 988 Amaleck,
1986 930 2036 978 δε
2056 930 2150 990 filii
2185 932 2408 990 Orientis,

402 1001 460 1048 δε
503 998 808 1048 ascenderunt
863 997 999 1064 supra
1044 995 1210 1045 illum”
1246 1013 1313 1044 v1.
1350 1012 1399 1059 3,
1445 994 1636 1044 Midian
1674 1012 1762 1062 pro
1798 997 2004 1061 iilis-qui
2046 998 2091 1044 in
2126 995 2253 1055 false,
2292 999 2403 1062 quia

401 1083 501 1115 non
525 1066 571 1114 in
596 1067 706 1116 vitae
728 1067 870 1122 bono,
908 1081 937 1112 n
965 1081 976 1112 ε
1004 1077 1152 1126 3242,
1189 1061 1422 1111 Amaleck
1446 1076 1533 1126 pro
1556 1061 1646 1112 illis
1669 1063 1749 1128 qui
1780 1063 1826 1110 in
1853 1062 1990 1121 salus,
2026 1063 2195 1128 quibus
2219 1079 2406 1129 oppug-

406 1144 517 1180 nant
538 1148 660 1187 vera,
700 1148 727 1178 n
755 1149 766 1179 :
798 1131 942 1195 1679,
979 1129 1063 1176 filii
1087 1128 1277 1176 orientis
1305 1140 1391 1191 pro
1421 1127 1511 1176 illis
1534 1130 1616 1193 qui
1644 1129 1690 1176 in
1717 1129 2070 1193 cognitionibus
2094 1129 2206 1177 falfi.

475 1199 618 1262 3763.
655 1196 780 1245 Vers
795 1214 806 1244 :
833 1211 878 1244 2.
907 1214 949 1259 3.
988 1196 1049 1243 Et
1074 1194 1211 1251 vidit,
1250 1194 1307 1245 ἐξ
1331 1209 1421 1242 ecce
1439 1203 1592 1257 puteus
1614 1197 1661 1242 in
1691 1211 1814 1260 agro,
1849 1195 1907 1245 ΕΒ
1936 1211 2026 1244 ecce
2062 1194 2126 1243 ibi
2150 1206 2240 1243 tres
2262 1206 2406 1245 cater-

396 1281 473 1314 -vae
498 1266 645 1329 gregis
677 1263 881 1311 cubantes
899 1262 1040 1325 juxta
1072 1260 1211 1318 illum,
1248 1263 1348 1325 quia
1380 1276 1403 1307 e
1428 1270 1559 1323 puteo
1588 1261 1664 1309 illo
1692 1271 1906 1323 potarunt
1936 1272 2159 1317 catervas,
2201 1261 2259 1312 69²
2291 1264 2407 1327 lapis

400 1347 580 1395 magnus
590 1330 724 1394 super
745 1345 816 1378 ore
828 1330 970 1392 putei.
1044 1327 1110 1375 Et
1135 1327 1443 1390 colligebantur
1476 1326 1579 1374 illuc
1612 1343 1751 1375 omnes
1784 1339 1991 1386 catervae‚
2027 1324 2084 1378 &3
2116 1328 2403 1378 devolvebant

399 1396 589 1460 lapidem
611 1413 640 1442 a
660 1397 792 1460 fhper
815 1410 889 1442 are
906 1396 1046 1458 putei,
1080 1391 1137 1443 ξεῖ
1165 1392 1376 1454 potabant
1397 1408 1588 1457 gregem,
1625 1394 1683 1444 ts?
1716 1393 1973 1444 reducebant
1997 1393 2183 1456 lapidem
2205 1396 2339 1459 super
2361 1412 2407 1443 os

397 1466 524 1526 putei
544 1462 753 1511 ati-locum
777 1461 875 1524 ejus
951 1459 1107 1516 Vidit,
1144 1455 1372 1522 fignificat
1405 1459 1787 1523 perceptionem:
1823 1476 1928 1509 ecce
1950 1473 2135 1526 puteus,
2170 1460 2406 1524 fignificat

406 1529 636 1576 verbum:
673 1528 718 1576 in
742 1543 871 1592 agro,
905 1524 1132 1590 fignificat
1166 1540 1256 1588 pro
1285 1524 1534 1572 Ecclefiis:
1570 1525 1623 1572 &
1659 1540 1764 1573 ecce
1801 1526 1864 1574 ibi
1901 1541 1990 1575 tres
2023 1538 2220 1574 catervae
2248 1528 2408 1592 gregis

399 1593 628 1643 -cubantes
653 1591 786 1659 juxta
809 1592 962 1649 illum,
998 1590 1228 1654 fignificat
1261 1589 1410 1639 saneta
1432 1590 1739 1638 Ecclefiarum
1771 1590 1821 1639 &
1851 1591 2212 1640 doetrinalium:
2247 1593 2352 1657 quia
2378 1608 2406 1641 e

405 1671 552 1723 puteo
576 1659 657 1708 illo
679 1670 898 1723 potarunt
921 1669 1137 1713 catervas,
1166 1655 1403 1720 fignificat
1426 1656 1552 1720 quod
1584 1655 1696 1703 inde
1727 1655 1943 1705 scientia:
1980 1657 2032 1705 δε
2066 1656 2182 1722 lapis
2213 1674 2409 1723 magnus

407 1724 544 1790 super
571 1740 649 1774 ore
674 1724 804 1790 putei
829 1722 1056 1788 fignificat
1078 1720 1202 1787 quod
1227 1720 1457 1769 occlusum
1487 1721 1628 1772 effet:
1663 1721 1717 1770 &
1743 1722 2081 1787 colligebantur
2107 1723 2220 1772 illuc
2243 1740 2406 1774 omnes

402 1805 626 1850 catervae,
662 1791 891 1854 fignificat
912 1788 1039 1855 quod
1063 1802 1229 1838 omnes
1250 1787 1469 1837 Ecclefiae
1500 1787 1552 1836 δε
1585 1804 1744 1836 earum
1773 1788 2048 1838 doetrinalia
2079 1789 2216 1836 inde:
2252 1789 2302 1838 ὅτ
2322 1791 2405 1838 de·

402 1857 655 1905 volvebant
680 1857 888 1921 lapidem
917 1873 946 1903 a
967 1854 1102 1920 super
1124 1869 1208 1901 ore
1239 1854 1387 1919 putei,
1422 1854 1654 1918 fignificat
1680 1855 1808 1919 quod
1843 1855 2159 1904 recluderent:
2196 1855 2248 1902 &
2270 1869 2404 1920 pota-

411 1923 524 1971 bant
551 1937 762 1987 gregem,
796 1921 1030 1985 significat
1051 1919 1187 1984 quod
1220 1918 1330 1967 inde
1361 1920 1601 1970 dofitrina:
1643 1921 1696 1968 δε
1730 1921 2005 1971 reducebant
2038 1922 2244 1989 lapidem
2267 1922 2403 1988 super

402 2003 461 2038 os
481 1989 606 2054 putei
628 1989 686 2036 ad
711 1989 864 2035 locum
891 1984 1004 2051 ejus,
1025 1985 1247 2048 fignificat
1268 1986 1396 2050 quod
1420 1986 1590 2036 interea
1611 1989 1725 2036 effet
1746 1989 1996 2038 occlusum.

476 2055 620 2120 3764.
644 2053 799 2112 Vidit,
823 2053 947 2118 quod
971 2051 1198 2116 fignificet
1213 2053 1584 2115 perceptionem,
1609 2053 1786 2101 constat
1808 2071 1835 2103 a
1857 2053 2194 2119 fignificatione
2220 2054 2398 2114 videre,

401 2121 533 2185 quod
556 2121 610 2169 fit
644 2120 899 2186 percipere,
933 2118 993 2166 de
1021 2134 1109 2183 qua
1140 2117 1188 2164 in
1223 2115 1517 2182 sequentibus
1553 2116 1685 2182 hujus
1721 2120 1899 2184 Capitis
1936 2121 1996 2168 ad
2021 2119 2164 2169 Vets:
2196 2137 2279 2186 32,
2317 2123 2399 2171 ubi

406 2188 468 2236 de
486 2187 677 2244 Ruben‚
707 2187 791 2252 qui
818 2202 846 2234 a
865 2184 1027 2233 videre
1054 2182 1321 2231 nominatus
1342 2183 1422 2233 est.

474 2255 620 2316 3765.
656 2253 779 2302 Ecce
803 2264 988 2316 puteus,
1024 2249 1150 2315 quod
1173 2249 1402 2312 fignificet
1427 2250 1640 2307 verbum,
1675 2250 1853 2300 constat
1883 2268 1910 2300 a
1934 2250 2272 2315 fignificatione
2311 2270 2398 2318 pu·

304 2355 313 2359 -
402 2319 490 2376 tei,
524 2319 650 2384 quod
674 2318 727 2366 fit
750 2319 974 2374 Verbum,
999 2315 1050 2363 ὃν.
1072 2330 1257 2381 quoque
1285 2315 1496 2364 doetrina
1517 2332 1545 2363 e
1569 2317 1746 2374 Verbo,
1781 2317 1840 2363 de
1863 2335 1954 2383 qua
1980 2334 2035 2364 n:
2073 2333 2220 2380 2702.
2252 2321 2397 2383 3096.

407 2399 539 2448 3424
555 2404 572 2439 3
602 2384 812 2431 Verbum
837 2383 915 2431 hic
938 2395 1103 2446 puteus
1135 2381 1319 2439 dicitur,
1353 2381 1462 2446 quia
1495 2383 1647 2444 agitur
1672 2383 1730 2430 de
1750 2385 1959 2441 naturali,
1984 2382 2110 2448 quod
2133 2383 2180 2429 in
2205 2381 2248 2431 se
2267 2383 2396 2449 spec·

405 2463 551 2499 tatum
583 2450 793 2497 Verbum
835 2447 979 2496 modo
1015 2447 1078 2494 ad>
1121 2445 1295 2495 sensum
1321 2447 1549 2495 literalem
1590 2449 1747 2513 capit;
1782 2461 1827 2496 at
1848 2451 2055 2498 Verbum
2101 2447 2203 2496 fons
2227 2449 2398 2498 dieitur

401 2533 513 2566 cum
540 2517 694 2581 agitur
724 2514 782 2562 de
806 2511 1065 2572 Rationali,
1098 2529 1156 2561 ex
1177 2528 1273 2578 quo
1296 2513 1507 2562 Verbum
1532 2514 1778 2563 secundum
1821 2516 1999 2565 sensum
2040 2516 2276 2564 internum
2308 2533 2395 2581 po-

400 2583 491 2632 test
550 2583 639 2630 erci
679 2583 708 2630 i.
1881 2622 1883 2625 ,

474 2599 618 2714 3ξ66.
645 2600 711 2696 Iin
729 2662 860 2711 agro,
884 2646 1011 2712 quod
1035 2646 1263 2710 fignificet
1285 2661 1374 2710 pro
1387 2645 1619 2705 Ecclefii3‚
1644 2646 1819 2695 constat
1840 2661 1897 2696 ex
1919 2645 2257 2710 fignificatione
2275 2648 2392 2711 agri,

403 2715 529 2780 quod
554 2715 610 2762 fit
630 2713 834 2763 Ecclefia
855 2713 1010 2779 quoad
1035 2713 1320 2770 bonum,·de
1342 2729 1431 2778 qua
1466 2730 1515 2761 n:
1559 2729 1682 2777 297¹
1706 2734 1722 2768 ·,
1757 2713 1958 2762 Ecclesia
1995 2714 2041 2761 in
2070 2715 2226 2762 Verbo
2252 2715 2394 2777 figni-

405 2781 570 2830 ficatur
590 2796 674 2846 per
697 2794 887 2838 terram,
923 2795 1006 2845 per
1039 2780 1262 2836 humum„
1287 2779 1338 2827 δι
1369 2796 1453 2843 per
1494 2794 1677 2843 agrum,
1712 2793 1759 2828 at
1794 2796 1900 2827 cum
1939 2778 2232 2835 differentia;
2269 2781 2395 2844 quod

405 2863 431 2894 a
467 2861 515 2894 er
547 2848 603 2895 fit
624 2846 840 2903 Ecclesia,
878 2845 943 2894 est
968 2845 1097 2902 inde,
1133 2845 1244 2911 quia
1268 2845 1348 2892 illa
1372 2846 1483 2894 ficut
1506 2861 1616 2909 ager
1651 2845 1820 2910 recipit
1843 2844 2016 2893 semina
2040 2847 2148 2894 boni
2187 2845 2238 2893 ὅτ
2260 2847 2358 2893 veri
2379 2869 2393 2901 ;

453 2910 608 2961 eclesia
629 2913 754 2962 enim
779 2913 991 2960 Verbum
1015 2912 1172 2970 habet,
1208 2927 1235 2959 e
1262 2927 1356 2976 quo
1380 2913 1491 2967 illa;
1527 2911 1631 2960 inde
1669 2927 1853 2977 quoque
1893 2911 1976 2970 est,
2013 2913 2141 2976 quod
2166 2913 2392 2978 quicquid

404 2977 453 3024 in
476 2992 590 3041 agro
609 2977 692 3037 est,
725 2978 866 3027 etiam
898 2977 1125 3043 significet
1165 2976 1225 3026 id·
1252 2978 1382 3043 quod
1415 2978 1482 3027 est
1521 2977 1754 3037 Ecclesiae,
1805 2978 1918 3026 ficut
1959 2978 2193 3036 sementis,
2233 2979 2392 3034 meffis,

410 3041 551 3108 seges,
585 3044 812 3102 triticiam,
849 3044 1097 3102 hordeum,
1132 3042 1186 3092 δι’
1212 3045 1406 3111 reliqua,
1440 3046 1492 3094 &
1518 3060 1704 3110 quoque
1726 3046 1828 3093 haec
1849 3059 1958 3093 cum
1979 3044 2260 3093 differentia.

474 3110 619 3174 3767.
660 3109 726 3161 Et
747 3124 852 3162 ecce
874 3109 946 3159 ibi
971 3123 1062 3162 tres
1082 3121 1276 3162 catetvae
1295 3110 1454 3178 gregis
1474 3114 1692 3164 cubantes
1726 3110 1858 3176 juxta
1881 3111 2030 3169 illum,
2066 3111 2193 3176 quod
2216 3105 2391 3172 fignifi-

1345 3179 1499 3241 Qqq
2319 3184 2393 3221 cet
