2904 3750
528 246 660 326 365
1045 230 2016 306 GENESIS.

521 363 587 412 Et
603 360 739 427 pelles
755 358 1004 409 hoedorum
1022 373 1257 422 caprarum
1281 355 1410 404 indui
1431 353 1557 413 fecit,
1576 352 1797 419 significat
1813 363 2114 417 externasvera
2136 353 2247 405 boni
2269 343 2531 413 domestici:
2571 369 2577 371 “

524 429 656 494 super
694 445 853 477 manus
893 427 1029 484 illius,
1066 425 1287 488 fignificat
1308 422 1558 485 secundum
1580 412 1838 470 facultatem
1864 419 2140 483 recipiendi:
2174 425 2225 474 &
2250 425 2382 491 super
2402 429 2535 478 laevi-

523 509 665 545 tatem
704 496 928 545 collorum
967 495 1102 550 illius,
1139 491 1359 555 fignificat
1385 503 1436 538 ut
1459 506 1552 539 non
1585 500 1814 555 appareret
1834 502 1996 535 verum
2035 489 2331 558 disjungens:
2369 494 2434 544 Et
2457 496 2535 545 de-

526 564 596 611 dit
619 580 676 612 cu
713 563 849 620 edias‚
884 561 1106 626 significat
1143 557 1425 606 delcetabilia
1458 558 1590 606 inde:
1629 560 1885 620 &‘panem‚
1922 554 2146 618 fignificat
2186 561 2361 609 bonum
2401 563 2536 614 inde:

527 647 633 695 quae
659 580 781 688 fgcit,
817 630 1039 693 fignificat
1062 642 1170 691 quae
1190 642 1215 673 a
1237 626 1413 673 Divino
1435 625 1560 674 Vero
1580 643 1592 674 ε
1629 625 1676 671 in
1698 637 1887 670 manum
1903 622 2065 684 Jacobi
2088 625 2171 673 filii
2193 626 2276 686 sui,
2312 629 2536 693 fignificat

527 698 655 763 quod
679 698 784 746 tales
806 691 909 744 effet
931 695 1108 743 affeftio
1132 693 1228 741 veri
1252 693 1478 740 naturalis.
1644 758 1653 768 .

528 759 1491 892 ὀίεῇῗίξ1701Γῖ1ἑ’3εῗιῖ·3ἒ1ξςξεξ;ξ11ἢῗ1ἒξοῖζίῗ
1508 756 1971 889 εῐὲἃίἶῖἰιεῖυεῇεςέἓὲε
1988 761 2215 893 ἕξῗὲιῇιξῗῐ
2230 762 2404 896 3)(ξὲῗὶ
2413 765 2537 880 (ξίἓὶῖ

528 899 647 957 sunt,
685 901 745 946 ita
767 897 931 960 absque
965 895 1179 944 ulteriore
1201 894 1513 958 explicatione.
2506 897 2511 901 ’

601 967 742 1030 3536.
779 965 843 1012 Et
883 961 991 1011 fecit
1026 974 1170 1010 mater
1208 961 1329 1010 illius
1367 961 1582 1026 cupedias
1619 962 2016 1025 quemadmodum
2048 964 2220 1012 amavit
2241 976 2365 1029 pater
2397 966 2536 1025 illius,

529 1034 657 1097 quod
696 1030 917 1095 significet
954 1029 1245 1086 deiee’tabilia,
1291 1045 1383 1077 non
1420 1041 1572 1076 autern
1609 1028 1929 1086 desiderabilia,
1981 1030 2153 1079 constat
2193 1048 2218 1079 a
2252 1033 2536 1096 repraesenta-

530 1102 653 1147 tione
684 1099 924 1155 Rebeccae,
960 1113 1068 1160 quae
1102 1097 1176 1144 hie
1214 1107 1373 1152 mater,
1408 1096 1538 1159 quod
1566 1094 1621 1142 sit
1642 1096 1871 1144 Divinum
1894 1097 2133 1146 Rationale
2161 1099 2316 1162 quoad
2339 1115 2538 1159 verum;

529 1166 579 1214 &
603 1182 660 1214 ex
682 1165 1007 1229 fignificatione
1031 1163 1344 1228 cupediarum,
1389 1162 1517 1226 quod
1546 1161 1631 1208 sint
1663 1177 1840 1213 amaena
1875 1178 1983 1226 quae
2023 1165 2136 1221 veri,
2188 1165 2246 1211 de
2283 1182 2375 1229 qua
2410 1165 2541 1231 supra-

531 1250 592 1281 n:
623 1250 747 1297 3502
771 1254 785 1287 3
822 1231 949 1296 quod
982 1230 1056 1279 hic
1084 1230 1361 1278 delee'tabilia
1384 1245 1475 1276 non
1500 1227 1819 1287 defiderabilia,
1854 1229 1919 1276 est
1949 1229 2058 1294 quia
2089 1246 2181 1278 non
2215 1246 2272 1279 ex
2300 1234 2539 1282 venatione

529 1299 682 1356 Esavi,
720 1300 807 1348 hoc
843 1297 924 1356 est,
960 1314 1018 1346 ex
1042 1313 1152 1346 vero
1180 1296 1288 1344 boni
1317 1296 1521 1360 genuini,
1557 1312 1618 1344 n:
1648 1312 1795 1361 3501,
1831 1295 1906 1343 sed
1925 1311 1985 1346 ex
2012 1295 2159 1350 haedis
2192 1313 2427 1362 caprarum
2456 1302 2540 1364 qui

529 1382 587 1413 ex
610 1381 764 1430 grege,
802 1366 888 1414 hoc
918 1364 1000 1422 est,
1036 1380 1094 1412 ex
1126 1381 1237 1412 vero
1275 1364 1384 1412 boni
1425 1361 1681 1420 domestici,
1716 1379 1777 1412 n:
1807 1367 1950 1428 3518.
1981 1382 2141 1433 3519:
2177 1365 2540 1428 quomodohaec

528 1432 574 1547 1}
580 1432 774 1548 gabienss
811 1431 1037 1487 constarex
1050 1430 1199 1497 potest
1238 1431 1295 1479 ab
1333 1431 1437 1489 illis,
1472 1446 1580 1495 quae
1618 1429 1749 1495 supra
1785 1447 1845 1480 n:
1876 1448 2020 1495 3502.
2050 1448 2192 1496 3512.
2215 1437 2359 1496 3518.
2389 1450 2537 1500 3519,

564 1517 577 1547 1
625 1516 649 1547 a
692 1512 788 1549 unt·

599 1583 743 1633 3537.
778 1567 844 1616 Et
865 1566 1038 1631 accepit
1061 1565 1269 1614 Rebecca
1289 1563 1432 1613 vestes
1454 1563 1589 1613 Esav'i
1619 1563 1703 1613 filii
1737 1564 1802 1614 sui
1828 1562 2009 1629 majoris
2032 1565 2373 1625 desideriorum,
2408 1569 2538 1632 quod

527 1633 752 1697 significet
789 1650 894 1681 vera
932 1634 1128 1697 genuina
1171 1633 1297 1689 boni,
1332 1630 1504 1678 constat
1527 1647 1584 1678 ex
1606 1631 1933 1694 fignificatione
1962 1631 2163 1680 vestium·
2191 1633 2534 1691 desideriorum,
2594 1690 2601 1694 ¹

529 1700 657 1763 quod
682 1700 767 1749 fint
789 1700 1147 1763 verargenuina3
1183 1697 1311 1761 quod
1345 1696 1488 1746 vestes
1522 1696 1607 1746 fint
1646 1711 1754 1744 vera
1788 1696 2004 1745 inferiora.
2035 1696 2294 1760 respeffive,
2329 1700 2537 1749 videatur

529 1783 591 1814 n:
619 1768 782 1831 25763
818 1765 1139 1814 desideriorum
1164 1762 1268 1812 sunt
1295 1763 1508 1826 genuina,
1543 1763 1651 1825 quia
1670 1763 1869 1825 ‘genuini
1902 1763 2010 1810 boni
2048 1765 2277 1822 naturalis,
2313 1766 2440 1831 quod
2465 1784 2555 1815 re·-

527 1832 823 1898 praesentatur
844 1829 1148 1896 per-Esavum
1175 1830 1321 1878 filium
1341 1826 1580 1893 majorem,
1616 1845 1678 1877 n:
1707 1846 1849 1892 3300.
1880 1847 1904 1892 3
1913 1834 2041 1893 302.⁸
2049 1848 2074 1894 3
2083 1848 2191 1893 322.
2214 1849 2358 1896 3494.
2386 1851 2532 1896 3504.

530 1916 743 2031 35ἓζὲ8.
780 1966 907 2024 Quae
929 1980 1038 2014 cum
1073 1963 1148 2013 1112
1170 1963 1218 2011 in
1241 1963 1400 2019 domo,
1435 1961 1565 2026 quod
1597 1960 1820 2024 significet
1850 1977 1958 2025 quae
1985 1977 2054 2023 *ex
2078 1962 2258 2011 Divino
2290 1964 2421 2013 Bono
2453 1981 2534 2031 per

447 2050 454 2057 ·
527 2033 758 2082 Divinum
781 2032 959 2082 Verum
981 2032 1145 2079 Divini
1168 2028 1436 2085 Rationali3‚
1471 2026 1644 2076 constat
1662 2043 1719 2075 ex
1742 2027 2128 2092 repraesentatione
2151 2029 2393 2089 Rebeccae,
2428 2049 2536 2096 quae

527 2099 602 2147 hic
625 2099 687 2148 est
711 2099 802 2156 illa,
837 2098 966 2163 quod
998 2097 1052 2145 sit
1072 2098 1300 2146 Divinum
1323 2095 1501 2143 Verum
1527 2094 1686 2141 Divini
1709 2095 1977 2153 RationaliS,
2013 2097 2070 2144 de
2092 2112 2182 2160 qua
2204 2098 2328 2161 prius
2349 2121 2363 2155 ;
2400 2099 2450 2147 δε
2477 2116 2534 2148 ex

529 2166 851 2229 significatione
874 2165 1058 2221 domus,
1093 2162 1220 2226 quod
1242 2161 1316 2210 hic
1348 2160 1403 2209 fit
1425 2160 1652 2209 Divinum
1677 2163 1880 2220 Bonum,
1914 2164 2021 2226 quia
2046 2163 2323 2227 praedicatur
2352 2165 2410 2212 de
2430 2167 2532 2214 Do-

529 2235 685 2288 min03
725 2231 852 2296 quod
873 2231 1057 2278 Domus
1093 2229 1148 2278 fit
1171 2229 1366 2286 bonum,
1401 2228 1608 2276 videatur
1630 2243 1689 2276 n:
1720 2244 1828 2293 710.
1857 2245 1999 2293 2233.
2028 2245 2172 2294 2234.
2197 2246 2339 2295 2559.
2369 2237 2528 2295 31281

528 2300 657 2362 quod
696 2298 770 2346 illa
805 2297 1113 2361 significentur
1150 2312 1231 2360 per
1266 2312 1316 2349 ea
1349 2295 1504 2352 verba,
1537 2311 1630 2359 quae
1664 2312 1756 2343 cum
1785 2295 1861 2343 illa
1893 2298 1939 2342 in
1961 2296 2097 2354 domo,
2131 2294 2194 2344 est
2214 2299 2322 2361 quia
2345 2315 2425 2362 per
2447 2299 2532 2348 do-

529 2382 663 2413 mum
695 2365 972 2428 significetur
995 2363 1233 2411 Rationale
1256 2374 1353 2410 tarn
1376 2361 1528 2425 quoad
1553 2362 1727 2409 bonum
1750 2377 1890 2426 quam
1916 2363 2067 2426 quoad
2090 2377 2270 2421 verum,
2307 2363 2380 2412 seu
2404 2366 2533 2428 quod

529 2432 670 2490 idem,
707 2445 804 2480 tam
825 2430 979 2495 quoad
1002 2430 1314 2478 voluntarium
1353 2428 1440 2479 hoc
1474 2429 1598 2477 enirn
1637 2428 1700 2476 est
1739 2428 1865 2486 boni,
1900 2445 2038 2493 quarn
2064 2429 2215 2494 quoad
2238 2431 2533 2480 intellee'male

528 2499 635 2562 quia
675 2497 761 2546 hoc
797 2497 861 2545 est
903 2497 1029 2553 veri;
1063 2495 1249 2560 quando
1277 2495 1514 2544 Rationale
1545 2511 1604 2543 ex
1639 2495 1898 2545 voluntario
1933 2495 2008 2544 seu
2049 2496 2172 2545 bono
2209 2498 2321 2561 agit.
2342 2515 2423 2562 per
2461 2501 2530 2546 in·
2593 2538 2596 2542 .

530 2563 778 2613 telleetuale
801 2564 875 2611 seu
897 2579 1079 2621 verum,
1116 2575 1226 2612 tunc
1260 2578 1390 2611 mens
1428 2561 1651 2611 rationalis
1683 2574 1874 2611 vocatur
1904 2579 1997 2611 una
2033 2563 2234 2620 domus;
2269 2565 2375 2612 inde
2397 2566 2535 2613 etiam

531 2629 680 2693 ipsum
705 2629 896 2677 Coelum
920 2641 1110 2678 vocatur
1133 2630 1300 2677 domus
1323 2630 1430 2686 Dei,
1465 2631 1571 2692 quia
1608 2628 1672 2676 ibi
1705 2645 1798 2677 non
1831 2629 1913 2677 nisi
1934 2645 2075 2692 quarn
2099 2629 2272 2677 bonum
2297 2630 2347 2677 &
2370 2645 2532 2678 verum

532 2695 612 2753 est,
649 2712 699 2743 ac
720 2695 894 2743 bonum
917 2697 1012 2758 agit
1036 2711 1117 2759 per
1139 2694 1219 2743 fibi
1242 2695 1428 2742 ‘unitum
1466 2707 1544 2742 aut
1575 2692 1873 2757 conjunctum
1910 2710 2073 2744 verum
2092 2717 2107 2751 3
2144 2695 2230 2742 hoc
2253 2704 2440 2759 quoque
2462 2712 2529 2744 re—

535 2761 827 2826 praesentatur
860 2763 907 2808 in
946 2760 1171 2825 conjugiis
1208 2761 1325 2810 inter
1363 2761 1578 2807 maritum
1606 2760 1656 2808 &
1688 2775 1897 2816 uxorem,
1932 2761 2013 2823 qui
2035 2776 2174 2809 unam
2200 2760 2394 2808 domurn
2419 2778 2531 2810 con-

534 2827 741 2884 stituunt,
776 2842 832 2873 ex
871 2826 997 2876 causa
1031 2829 1139 2890 quia
1175 2841 1304 2873 amor
1339 2824 1604 2888 conjugialis
1639 2824 1788 2872 existit
1821 2842 1847 2873 a
1885 2824 2104 2890 conjugio
2132 2827 2320 2875 Divino·
2341 2829 2457 2877 Boni
2479 2831 2532 2878 δε

533 2894 662 2951 Veri,
699 2910 758 2940 n:
787 2897 928 2957 2728.
952 2907 1094 2956 2729.
1123 2907 1268 2956 3132,
1303 2891 1353 2939 &
1377 2891 1442 2938 est
1462 2891 1671 2939 voluntas
1703 2892 1884 2954 utrique
1915 2907 1972 2938 ex
2010 2891 2150 2948 bono,
2186 2892 2262 2940 sed
2293 2909 2402 2942 cum
2440 2896 2531 2944 dif-

533 2958 721 3008 ferentia
741 2958 852 3006 ficut
876 2958 1047 3006 bonum
1071 2957 1112 3005 se
1135 2958 1267 3004 habet
1288 2956 1344 3004 ad
1369 2956 1502 3003 suum
1524 2971 1703 3012 verum,
1738 2972 1875 3019 quare
1896 2959 2033 3005 etiam
2057 2974 2138 3021 per
2160 2961 2373 3008 maritum
2391 2962 2530 3026 figni-

534 3026 697 3074 ficatur
730 3025 922 3082 bonum,
958 3025 1112 3088 &per
1142 3038 1332 3071 uxorem
1356 3038 1549 3078 verum·,
1585 3038 1692 3070 cum
1724 3024 1846 3070 enim
1878 3039 1967 3071 una
1999 3024 2166 3072 domus
2194 3025 2276 3084 est,
2311 3039 2421 3076 tunc
2448 3029 2528 3078 bo—

535 3108 649 3140 num
688 3090 751 3140 est
787 3107 926 3139 omne
965 3091 1044 3148 ibi,
1079 3106 1131 3139 ac
1165 3105 1326 3138 verum
1360 3090 1468 3154 quia
1504 3088 1569 3136 est
1602 3088 1726 3146 boni,
1762 3090 1898 3137 etiam
1930 3090 1992 3138 est
2026 3091 2215 3140 bonum.
2287 3093 2434 3158 Qod
2458 3096 2528 3144 di-

535 3171 663 3208 catur
689 3174 797 3208 cum
826 3157 901 3208 illa
935 3159 985 3208 in
1022 3157 1184 3216 dorn0,
1219 3172 1312 3206 non
1344 3172 1455 3205 cum
1487 3154 1670 3205 illo‘seu
1702 3171 1812 3206 cum
1844 3155 1950 3216 illis,
1983 3157 2048 3207 est
2069 3160 2177 3222 quia
2199 3160 2257 3211 de
2278 3159 2394 3209 statu
2418 3177 2528 3210 con-

2173 3262 2177 3265 .
2201 3282 2209 3286 ‚
2281 3224 2531 3291 junffionis
