2904 3750
720 141 1155 209 CAPUT
1232 141 2180 208 TRIGESIMUM,
2300 155 2432 230 379

428 284 584 331 -erant,
624 273 669 322 in
699 273 792 334 illa,
831 284 1000 342 nempe
1025 275 1241 335 Ecclesia,
1278 275 1387 341 quia
1415 291 1572 349 parere
1600 272 1888 339 significabat
1917 272 2201 337 agnitionem
2224 275 2338 331 veri,
2375 273 2430 322 δε

433 356 585 403 genua
619 356 828 390 amorem
863 342 1195 408 conjugialem,
1232 343 1294 391 ita
1323 341 1706 405 conjunffionem
1737 339 1851 387 boni
1878 340 1930 387 &
1953 339 2049 387 veri
2082 356 2141 388 ex
2162 339 2430 398 ascalone,

435 406 523 452 tale
546 405 707 454 rituale
729 421 972 472 acceptum
996 409 1099 467 fuit,
1134 425 1239 456 cum
1263 423 1380 455 uxor
1403 407 1570 454 sterilis
1593 406 1721 462 effet,
1759 422 1816 453 ne
1848 404 2196 468 repraesentaret
2226 418 2433 455 mortuos

468 472 511 519 ui
541 471 599 519 ad
625 473 772 521 vitam
807 490 899 522 non
933 474 1200 538 resurgunt3
1238 471 1488 521 secundum
1513 470 1592 520 illa
1613 487 1721 536 quae
1745 486 1857 519 mox
1887 470 2019 536 supra
2042 487 2099 518 n:
2127 476 2274 536 3908,
2307 472 2433 520 dieta

434 488 555 586 sunt.
625 540 715 588 Per
739 540 813 588 illa
835 541 976 588 verba
1007 545 1054 587 in
1084 539 1208 587 sensu
1240 538 1419 587 interno
1450 536 1731 602 fignificatur
1759 537 1873 584 alter
1905 536 2076 600 gradus
2107 537 2431 586 affirmationis

431 601 509 650 seu
532 605 797 666 agnitionis,
833 606 912 671 qui
936 605 1001 653 est
1023 621 1081 653 ex
1101 603 1365 661 affectione,
1402 602 1589 652 affectio
1621 603 1748 652 enim
1781 602 1920 654 inerit
1950 602 2178 665 agnitioni
2203 601 2276 651 seu
2301 602 2430 651 affir-

430 668 646 726 mationi,
682 683 732 716 ut
755 669 837 718 fiat
859 668 1145 735 conjunctio,
1184 670 1338 719 omnis
1362 672 1484 718 enim
1502 668 1769 735 conjunctio
1793 668 1848 718 fit
1871 684 1953 734 per
1974 667 2284 726 affectionem,
2320 685 2429 718 nam

429 734 600 799 absque
638 733 890 789 affeEtione
919 753 1032 785 vera
1070 753 1164 785 non
1200 737 1348 785 vitam
1387 737 1590 792 habent,
1624 736 1739 785 ficut
1778 751 1866 801 pro
1904 733 2142 798 exemplo,
2176 732 2286 782 scire
2325 735 2428 783 haec

417 816 552 858 vera,
585 800 718 866 quod⁴
744 804 981 866 proximus
1013 802 1252 861 amandus,
1289 801 1343 850 δε
1398 802 1489 851 uod
1518 802 1566 851 in
1590 817 1648 850 eo
1671 800 1886 852 Charitas
1911 799 2156 858 confistat,
2179 799 2310 848 &vin
2342 800 2430 848 hac

426 865 520 913 vita
550 864 808 930 spiritualis,
844 868 909 916 est
944 869 1064 918 nude
1098 867 1286 918 scientia
1317 820 1402 918 nisi
1433 867 1619 917 affectio
1652 866 1726 924 fit,
1762 868 1854 916 hoc
1877 866 1961 926 est,
1997 866 2082 915 nisi
2117 866 2209 913 hoc
2232 865 2348 914 velit
2371 881 2428 914 ex

429 932 567 980 corde
587 954 603 987 ·‚
638 933 807 998 absque
829 933 1078 983 affectione
1099 951 1208 984 vera
1230 935 1330 982 haec
1353 951 1445 983 non
1470 935 1651 991 vivunt,
1686 933 1763 982 sed
1786 946 2022 997 utcunque
2049 931 2128 980 illa
2153 931 2254 988 scit,
2288 931 2428 997 usque

429 1013 521 1045 non
548 1011 672 1046 amat
706 999 998 1064 proximum,
1035 1000 1112 1048 sed
1147 999 1192 1047 se
1221 1015 1323 1065 prae
1354 999 1453 1060 illo,
1487 1015 1541 1048 ac
1568 1001 1617 1049 in
1641 999 1738 1048 vita
1762 1000 1955 1047 naturali
1979 998 2060 1056 est,
2096 1013 2189 1045 non
2217 998 2263 1045 in
2290 997 2424 1064 spiri·

428 1061 572 1118 tuali;
606 1062 790 1113 affectio
827 1067 1038 1115 naturalis
1077 1066 1143 1114 est
1181 1082 1286 1132 quae
1326 1066 1597 1118 dominatur
1635 1065 1770 1130 super
1806 1063 2048 1113 affectione
2089 1063 2338 1127 spirituali,
2374 1061 2427 1111 ὅτ.

425 1128 648 1193 quamdiu
678 1129 862 1186 affectio
898 1133 1113 1181 naturalis
1145 1133 1442 1196 dominatur,
1471 1134 1622 1181 homo
1653 1144 1842 1180 vocatur
1877 1143 2105 1187 mortuus,
2138 1145 2246 1178 nam
2279 1130 2425 1188 vitam

427 1196 708 1245 contrariam
724 1196 845 1246 ‘vitae
865 1199 1035 1247 coelesti
1057 1197 1214 1257 habet,
1252 1198 1320 1247 est
1345 1199 1440 1247 v‘ita
1461 1198 1659 1247 coelestis
1682 1198 1895 1263 ipsiffima
1918 1196 2031 1245 vita.

495 1278 521 1324 3
568 1261 640 1310 16.
676 1261 740 1312 Et
768 1263 1035 1314 aedificabor
1067 1266 1211 1313 etiam
1241 1280 1335 1330 ego
1364 1281 1421 1314 ex
1456 1265 1551 1324 illa,
1586 1265 1716 1330 quod
1745 1263 1974 1327 fignificet
2003 1260 2128 1326 quod
2155 1261 2220 1310 sic
2242 1260 2339 1311 vita
2362 1261 2421 1319 ei,

426 1341 513 1374 con
555 1340 601 1376 at
621 1346 648 1376 a
670 1328 1004 1392 significatione
1027 1331 1270 1389 aedificari,
1306 1331 1430 1397 quod
1461 1330 1516 1380 fit
1544 1346 1638 1380 non
1670 1330 1810 1387 mori,
1845 1329 1903 1378 de
1927 1344 2017 1394 qua
2042 1344 2097 1376 n:
2127 1332 2275 1394 3908,
2311 1343 2428 1393 pro·

431 1391 537 1440 inde
563 1393 795 1458 resurgere
818 1397 892 1444 {eu
914 1397 1086 1447 vivere.
1615 1427 1617 1429 ·

497 1475 640 1525 39¹7·
678 1460 741 1509 Et
777 1461 907 1510 dedit
937 1463 980 1510 ei
1014 1462 1203 1512 Bilham
1235 1464 1447 1512 ancillam
1481 1464 1604 1511 suam
1640 1462 1698 1510 ad
1734 1462 1998 1517 mulierem,
2035 1458 2159 1525 quod
2195 1459 2425 1522 significet
2458 1487 2460 1489 >

427 1525 636 1574 medium
668 1527 1000 1578 affirmativum
1031 1528 1322 1594 adjunctum,
1359 1527 1537 1578 constat
1571 1545 1629 1576 ex
1662 1526 2064 1593 repraesentatione
2086 1525 2252 1583 Bilhae,
2288 1523 2340 1572 δε
2367 1541 2425 1573 ex

424 1589 756 1654 fignificatione
794 1594 996 1652 ancillae,
1032 1596 1159 1660 quod
1200 1596 1254 1644 sit
1294 1595 1505 1661 medium
1541 1594 1891 1649 affirmativum,
1927 1592 1986 1640 de
2027 1607 2117 1656 qua
2151 1607 2264 1639 mox
2294 1589 2425 1655 supra

429 1671 490 1703 n:
517 1673 646 1723 3913
671 1678 687 1712 3
722 1659 773 1708 &
796 1653 853 1707 ex
875 1661 1208 1724 fignificatione
1231 1661 1340 1710 dare
1365 1662 1411 1708 in
1435 1661 1698 1716 mulierem,
1735 1659 1865 1724 quod
1890 1658 1944 1706 sit
1967 1656 2233 1722 adjungere.

495 1726 640 1786 3918.
674 1724 738 1772 Et
762 1725 887 1773 venit
915 1725 974 1774 ad
1013 1725 1141 1774 illam
1170 1726 1333 1789 jacob,
1366 1726 1493 1791 quod
1519 1725 1760 1789 *significet
1792 1725 1920 1790 quod
1955 1722 2272 1787 conjunctum,
2309 1736 2424 1771 con-

423 1785 511 1834 stat
543 1804 601 1835 ex
634 1788 971 1853 significatione.
992 1793 1151 1840 venire
1185 1792 1260 1841 seu
1292 1793 1460 1841 intrare
1494 1791 1551 1840 ad
1586 1791 1805 1856 aliquem,
1855 1806 1962 1839 cum
1994 1789 2053 1838 de
2097 1788 2423 1837 matrimoniali

424 1852 724 1919 praedicatur,
758 1855 885 1920 quod
907 1857 962 1904 fit
983 1857 1267 1922 conjunctio,
1301 1858 1362 1911 de
1387 1874 1476 1923 qua
1501 1873 1612 1907 mox
1634 1857 1769 1922 supra
1792 1873 1820 1904 n
1842 1875 1853 1905 ε
1886 1873 2029 1921 3914.

492 1933 638 1984 3919.
673 1919 737 1969 Et
758 1922 974 1987 concepit
990 1923 1144 1980 Bilha‚
1180 1923 1230 1971 &
1254 1925 1433 1990 peperit
1447 1924 1627 1986 Jacobo
1652 1923 1820 1981 filium,
1857 1921 1984 1987 quod
2011 1920 2237 1984 significet
2263 1935 2421 1985 recep·

424 1983 600 2038 tionem
625 1984 677 2034 &
698 1987 1010 2050 agnitionem,
1045 1989 1221 2039 constat
1253 2005 1310 2039 ex
1346 1989 1679 2054 significatione
1714 1989 1972 2052 concipere,
2006 1982 2135 2052 quod
2170 1985 2226 2034 sit
2263 2002 2422 2052 recep-

425 2049 521 2098 tio:
558 2050 610 2098 &
634 2069 660 2100 a
683 2052 1015 2117 significatione
1047 2071 1224 2120 parere,
1261 2056 1389 2122 quod
1417 2055 1471 2103 fit
1500 2055 1696 2119 agnitio,
1731 2054 1790 2103 de
1813 2054 1977 2120 quibus
2003 2070 2065 2102 n:
2096 2054 2238 2117 3860.
2267 2056 2413 2115 3868.

383 2144 389 2151 -
427 2132 574 2180 3905.
597 2134 686 2182 39¹
702 2137 719 2167 1
741 2139 756 2172 ς
792 2134 934 2168 conce
971 2121 1120 2171 tiones
1142 2122 1267 2170 enim
1284 2123 1335 2172 ὅτ
1362 2135 1519 2188 partus
1540 2123 1587 2169 in
1611 2120 1832 2186 spirituali
1858 2119 1983 2168 sensu
2009 2118 2113 2178 sunt
2136 2120 2417 2183 receptiones

424 2183 522 2230 veri
545 2198 604 2230 ex
629 2185 768 2241 bono,
805 2184 857 2232 &
879 2187 924 2233 in
962 2202 987 2234 e
1009 2187 1290 2252 agnitiones.

496 2265 640 2312 3920.
664 2249 806 2298 Vers:
834 2251 879 2300 6.
916 2253 979 2300 Et
1002 2253 1111 2302 dixit
1133 2254 1316 2311 Rachel,
1337 2253 1574 2317 Judicavit
1595 2270 1658 2303 me
1672 2254 1811 2310 Deus,
1848 2251 1904 2302 δέ’
1925 2253 2054 2300 etiam
2075 2248 2250 2298 audivit
2274 2266 2419 2298 vocem

422 2329 573 2373 meam,
611 2314 668 2366 &⁹
706 2315 823 2364 dedit
858 2318 968 2366 mihi
998 2318 1163 2379 filium,
1198 2319 1254 2370 Εἰ
1286 2331 1517 2385 propterea
1554 2321 1736 2368 vocavit
1773 2334 1919 2367 nomen
1959 2318 2049 2380 ejus
2080 2317 2204 2364 Dan.
2276 2316 2415 2363 Dixit

422 2380 619 2437 Rachel,
646 2379 878 2444 judicavit
915 2399 991 2432 me
1025 2384 1168 2442 DeuS,
1204 2387 1256 2436 δε
1293 2387 1431 2436 etiam
1473 2385 1657 2435 audivit
1690 2400 1853 2433 vocem
1896 2390 2064 2439 meam,
2101 2381 2324 2443 fignificat
2366 2381 2422 2429 in.

424 2444 638 2514 supremo
677 2446 803 2495 sensu
837 2447 1079 2510 Justitiam‘
1113 2450 1163 2500 δε
1205 2452 1598 2512 Misericordiam,
1639 2451 1686 2501 in
1726 2449 2150 2506 interno‘sanc’tum
2194 2447 2322 2505 fidei,
2367 2445 2415 2494 in

424 2523 616 2559 externo
638 2512 815 2580 bonum
839 2515 978 2570 vitae:
1014 2517 1065 2564 δε
1099 2517 1231 2565 dedit
1261 2519 1380 2567 mihi
1413 2519 1577 2575 filium,
1614 2517 1844 2582 fignificat
1867 2517 1958 2564 hoc
1983 2530 2141 2562 verum
2166 2515 2375 2577 agnitum
2400 2531 2412 2559 :

420 2590 665 2642 propterea
686 2579 869 2628 vocavit
893 2597 1063 2630 nomen
1087 2581 1180 2646 ejus
1201 2583 1327 2641 Dan,
1363 2584 1590 2648 fignificat
1612 2582 1746 2649 quale
1770 2581 1880 2646 ejus,

490 2661 514 2707 3
524 2660 637 2708 921.
671 2645 807 2693 Dixit
830 2647 1039 2705 Rachel,·
1051 2647 1290 2712 judicavit
1318 2667 1392 2698 me
1417 2651 1560 2706 DeuS,
1595 2650 1647 2698 ὅτ
1673 2649 1813 2697 etia-tn
1837 2645 2016 2695 audivit
2039 2658 2204 2692 vocem
2238 2653 2408 2701 meam,

422 2710 546 2774 quod
584 2710 811 2774 fignificet
852 2711 899 2760 in
941 2713 1158 2777 supremo
1197 2714 1323 2764 sensu
1357 2715 1598 2777 Justitiam
1635 2716 1686 2762 δε
1719 2711 2109 2767 Misericordiam,
2145 2710 2192 2757 in
2231 2711 2411 2759 interno

423 2776 625 2824 sanetum
650 2776 778 2834 fidei,
817 2778 862 2826 in
887 2792 1075 2829 externo
1098 2780 1272 2830 bonum
1294 2782 1420 2838 rvitae‚
1457 2781 1630 2834 constat
1655 2795 1712 2828 ex
1737 2777 2069 2842 significatione
2097 2776 2305 2838 judicare
2336 2792 2414 2826 me

426 2840 571 2898 Deus,
607 2841 657 2889 δι
682 2859 737 2891 ex
758 2838 1092 2907 significatione
1115 2847 1275 2897 audire
1300 2847 1467 2895 vocem
1493 2862 1643 2895 meam
1668 2867 1681 2901 3
1717 2845 1840 2910 quod
1857 2843 2064 2908 judicare
2098 2856 2172 2890 me
2198 2842 2326 2890 Deus
2361 2842 2412 2889 fit

428 2904 614 2965 Justitia
636 2909 854 2967 Domini,
890 2910 1095 2961 constare
1118 2912 1269 2975 potest
1292 2910 1457 2978 absque
1480 2912 1808 2979 explicatione,
1843 2909 1895 2957 δε
1916 2907 2224 2974 quod-audire
2247 2923 2411 2955 vocem

427 2986 578 3019 meam
608 2972 664 3020 fit
693 2973 1034 3034 Misericordia,
1070 2978 1273 3042 paritet-3
1308 2979 1545 3028 Dominus
1570 2977 1698 3026 'enim
1731 2992 1894 3026 omnes
1921 2974 2098 3039 judicat
2127 2988 2184 3021 ex
2212 2973 2426 3034 Justitia,

426 3037 478 3083 ὅτ
500 3052 659 3084 omnes
681 3040 810 3086 audit
832 3056 892 3088 ex
906 3042 1226 3093 Misericordia
1243 3065 1269 3100 ,ς
1285 3043 1479 3108 ‚judicat
1495 3061 1549 3102 ex
1577 3043 1759 3109 justitia
1779 3043 1888 3106 quia
1911 3057 1967 3089 ex
1991 3038 2174 3089 Divino
2195 3051 2323 3093 vero,
2359 3036 2411 3082 δε

426 3101 555 3151 audit
583 3117 640 3152 ex
663 3104 983 3173 Misericordia
1009 3109 1113 3170 quia
1135 3107 1200 3158 *ex
1223 3109 1404 3158 Divino
1430 3107 1578 3169 Bono,
1615 3126 1671 3158 ex
1696 3108 1727 3170 J
1732 3107 1880 3157 ustitia
1918 3106 2034 3155 illos‘
2053 3105 2132 3169 qui
2166 3119 2259 3152 non
2293 3103 2406 3151 reci-

1126 3189 1135 3194 -
1220 3173 1495 3223 Dddd2
1602 3179 1605 3183 ·
1887 3176 1906 3184 ”
2143 3186 2146 3187 ’
2276 3169 2411 3235 pium
