2872 3730
568 253 917 319 CAPUT
971 251 1535 314 VIGESIMUM
1585 250 2179 316 SECUNDUM.
2316 267 2406 335 59

350 417 354 420 -
390 388 551 435 veritas
572 400 753 443 aeterna,
790 385 975 435 Matth:
995 399 1151 431 xxlv:
1175 399 1254 446 35,
1292 398 1399 430 nam
1433 399 1486 431 ex
1516 380 1613 445 ipso
1634 381 1738 429 Effe
1755 381 1865 427 Veri
1889 382 2044 436 venit3
2084 395 2128 428 at
2151 382 2278 445 quod
2307 380 2388 444 ju-

389 466 593 502 ramento
626 455 748 516 quali
773 453 1032 507 confirmet,
1070 462 1123 498 ut
1147 449 1237 506 hic,
1278 450 1328 496 ὅτ.
1365 448 1471 496 alibi
1499 450 1546 494 in
1570 447 1741 504 Verbo,
1783 463 1875 494 non
1900 447 2002 493 ideo
2025 447 2104 502 est,
2137 449 2263 510 quod
2289 464 2384 495 ma·

388 523 461 583 gis
484 535 645 567 verum
670 515 740 575 fit,
773 518 846 566 sed
869 516 934 565 est
957 518 1077 574 ideo,
1102 518 1211 581 quia
1232 516 1288 564 ad
1312 516 1438 573 taleS,
1474 516 1554 578 qui
1578 531 1670 562 non
1694 515 1922 577 recipiunt
1951 514 2119 560 Verum
2137 515 2382 570 Divinum,

386 585 468 634 nifi
501 586 563 633 ita
599 585 961 640 confirmatum·,
1002 600 1097 631 non
1129 584 1251 631 enim
1285 583 1416 629 aliam
1453 582 1603 629 ideam
1644 581 1701 629 de
1723 580 1930 642 jehovah
1966 579 2037 626 seu
2062 581 2270 627 Domino
2309 580 2386 627 ha-

387 650 511 708 bent,
547 667 686 715 quam
718 651 775 698 de
798 651 1002 707 homine,
1042 650 1124 713 qui
1146 650 1293 698 dicere
1316 648 1480 713 potest,
1514 648 1564 696 &
1589 660 1780 704 mutare,
1816 646 1930 694 ficut
1963 647 2127 709 pluries
2161 647 2206 692 in
2230 646 2386 692 Verbo

384 716 572 781 legitur,
611 716 755 766 sedin
781 717 903 764 sensu
942 719 1122 764 interno
1151 717 1200 764 id
1231 716 1358 764 aliter
1380 714 1424 763 se
1446 714 1608 762 habet:
1654 714 1783 778 quod
1809 713 2015 775 Jehovah
2046 712 2120 760 seu
2152 713 2384 759 Dominus

383 781 603 848 nusquam
640 784 810 848 aliquid
848 782 1108 848 juramento
1139 783 1399 838 confirmet,
1428 780 1618 845 quisque
1651 779 1759 828 scire
1791 778 1956 842 potest,
2003 791 2047 825 at
2086 794 2193 826 cum
2234 778 2383 842 ipsum

382 849 613 899 Divinum
627 851 826 908 Verum,
865 852 913 899 δι
937 849 1033 915 ejus
1057 850 1363 906 confirmatio,
1404 847 1628 895 delabitur
1661 847 1718 894 ad
1743 847 1978 894 hominem
2003 845 2156 902 talem,
2192 849 2384 892 vertitur

384 917 433 964 in
465 916 610 981 limile
633 913 918 980 juramenti3
953 918 995 965 se
1018 917 1151 965 habet
1174 916 1280 973 hoc,
1315 914 1450 963 fimul
1484 915 1604 978 ignis
1627 914 1872 962 comedens
1894 914 1943 960 δι
1968 911 2143 968 fumus,
2182 914 2264 976 qui
2303 927 2384 975 ap-

382 985 533 1048 paruit
564 984 696 1048 super
729 997 886 1032 monte
908 985 1046 1042 Sinai,
1083 999 1237 1033 coram
1276 982 1420 1030 oculis
1442 981 1622 1047 populi,
1664 996 1772 1028 cum
1810 979 2039 1028 descendit
2061 979 2269 1040 Jehovah
2306 978 2381 1025 seu

381 1049 635 1114 DominuS,
670 1050 809 1101 Exod
828 1069 840 1099 ε
859 1066 976 1100 xix:
1003 1055 1075 1100 18.
1111 1051 1269 1098 Deut:
1292 1065 1376 1098 iv:
1407 1066 1478 1100 11.
1511 1064 1584 1111 12.
1607 1048 1739 1112 Cap:
1765 1063 1828 1094 v:
1853 1065 1925 1113 19.
1949 1063 2027 1098 20.
2046 1064 2125 1102 21,
2150 1045 2385 1109 gloriaIp-

381 1115 472 1165 sms
503 1117 553 1166 in
576 1116 719 1175 coelo,
759 1118 858 1166 imo
889 1117 983 1183 ipsa
1005 1116 1324 1174 misericordia,
1366 1117 1428 1163 ita
1459 1115 1666 1179 apparuit
1699 1130 1855 1162 coram
1887 1112 2066 1178 populo
2102 1112 2182 1170 ibi,
2219 1114 2299 1177 qui
2339 1114 2387 1160 in

381 1182 507 1230 malo
529 1185 579 1233 ὅτ
603 1183 749 1241 false„
769 1183 978 1234 videatur
1012 1201 1072 1232 n:
1100 1185 1241 1240 1861,
1282 1182 1486 1230 fimiliter
1521 1180 1563 1228 se
1596 1180 1732 1228 habet
1769 1196 1878 1228 cum
1904 1180 2080 1237 multis,
2120 1195 2228 1244 quae
2259 1196 2287 1226 a
2308 1179 2387 1240 Je-

380 1246 535 1296 hovah
573 1249 792 1296 dicuntur
829 1250 950 1298 dieta
987 1251 1037 1298 ὅτ
1070 1248 1203 1308 Γειᾶει,
1242 1249 1300 1296 de
1322 1249 1490 1313 quibus
1531 1249 1577 1295 in
1603 1247 1795 1304 Verb03
1836 1247 1943 1295 inde
1984 1246 2185 1295 constare
2221 1245 2386 1310 potest,

376 1314 529 1377 quod,
568 1315 617 1362 in
650 1316 740 1363 Me
772 1313 945 1380 juravi,
986 1316 1166 1365 dierum
1200 1316 1415 1378 Jehovae,
1458 1315 1514 1362 fit
1553 1314 1906 1379 fignificativum
1940 1313 2298 1362 confirmationis
2331 1329 2389 1359 ex

379 1380 560 1431 Divino
597 1382 917 1431 irrevocabilis.
989 1383 1136 1447 Qod
1162 1380 1333 1446 jurare,
1386 1381 1465 1430 ubi
1498 1381 1777 1446 praedicatur
1813 1381 1870 1428 de
1892 1380 2117 1442 Jehovah,
2162 1379 2387 1443 significet
2414 1385 2416 1387 ’

381 1446 655 1496 confirmare
687 1449 810 1512 apud
832 1448 1071 1497 hominem
1095 1452 1177 1514 qui
1212 1449 1329 1507 talis,
1365 1447 1565 1496 constare
1601 1447 1750 1512 potest
1782 1464 1808 1495 a
1826 1447 2034 1512 pluribus
2067 1446 2162 1494 aliis
2195 1446 2306 1495 locis
2339 1446 2387 1493 in

347 1559 350 1562 ,
379 1511 556 1571 Verbo,
594 1526 650 1562 ut
682 1515 808 1577 apud
831 1516 1087 1572 Davidem,
1136 1521 1172 1544 “
1195 1515 1408 1575 Jehovah
1445 1514 1706 1562 recordatur
1744 1516 1791 1561 in
1836 1526 2062 1562 aeternum
2087 1513 2267 1575 saederis
2301 1511 2387 1569 sui,

377 1578 507 1628 verbi
538 1581 770 1643 praecepit
806 1580 854 1626 in
894 1579 1019 1629 mille
1042 1581 1367 1642 generationeS‚
1401 1579 1531 1642 quod
1553 1580 1731 1643 pepigit
1752 1579 2035 1636 Abrahamo,
2072 1581 2119 1626 &
2137 1579 2389 1642 Juramenti

375 1642 447 1699 sui
482 1643 751 1707 Jischako,”
785 1644 967 1695 Psalm:
996 1661 1085 1695 ev:
1116 1650 1158 1695 8.
1187 1664 1252 1711 9·,
1303 1645 1509 1696 similiter
1553 1645 1595 1692 se
1638 1644 1772 1693 habet
1815 1661 1925 1693 cum
1965 1644 2139 1692 foedere
2177 1660 2229 1693 ac
2275 1660 2385 1692 cum

367 1707 648 1776 juramento,
704 1711 835 1776 quod
881 1711 1091 1775 Jehovah
1140 1711 1215 1760 seu
1257 1712 1493 1760 Dominus
1546 1728 1640 1760 non
1693 1724 1867 1776 pangat
1923 1710 2081 1759 foedus
2135 1727 2247 1759 cum
2299 1711 2385 1758 ho-

375 1779 520 1836 mine,
553 1775 632 1827 sed
667 1793 777 1828 cum
816 1780 968 1843 agitur
1005 1781 1062 1828 de
1097 1778 1417 1845 conjunffione
1452 1795 1534 1844 per
1568 1794 1772 1827 amorem
1815 1781 1866 1827 &
1905 1779 2188 1837 charitatem,
2222 1777 2387 1826 sistitur

374 1843 495 1894 illud
532 1846 672 1894 etiam
709 1847 940 1901 aetualiter
978 1860 1030 1897 ut
1067 1845 1242 1906 foedus,
1275 1846 1485 1896 videatur
1522 1863 1585 1897 n:
1617 1846 1770 1908 1864:
1805 1846 1930 1910 apud
1962 1845 2200 1903 Eundem,
2237 1851 2271 1872 “
2295 1849 2386 1910 Ju-

373 1913 502 1962 ravit
531 1911 757 1976 Jabovah,
806 1915 857 1969 ἃς
894 1930 987 1965 non
1025 1915 1247 1979 paenituit·
1277 1913 1452 1979 Ipsum,
1503 1915 1584 1963 Tu
1622 1913 1842 1963 Sacerdos
1888 1915 1935 1960 in
1982 1926 2222 1970 aeternum,
2250 1910 2387 1976 juxta

375 1976 573 2027 verbum
610 1995 788 2038 meum,
824 1981 1226 2039 Malchizedech,’'
1261 1979 1442 2030 Psalm:
1470 1996 1557 2029 cx:
1584 1999 1634 2040 4,
1669 1980 1750 2028 ubi
1780 1980 1840 2036 de
1861 1980 2088 2037 Domine,
2115 1978 2289 2044 juravit
2307 1979 2386 2040 Je—

373 2043 527 2093 hovah
546 2060 635 2109 pro
666 2046 1014 2098 confirmatione
1041 2064 1098 2097 ex
1120 2049 1298 2098 Divino
1318 2047 1620 2105 irrevocabili,
1654 2047 1742 2096 hoc
1765 2046 1846 2105 est,
1880 2046 2008 2111 quod
2031 2049 2195 2095 veritas
2218 2058 2387 2096 aeterna

373 2109 456 2161 fit:
492 2111 615 2177 apud
638 2112 873 2173 Eundem,
910 2119 946 2142 “
968 2115 1134 2180 Pepigi
1172 2113 1329 2166 foedus
1351 2115 1516 2164 Eledto
1550 2131 1675 2172 meo,
1691 2116 1861 2177 juravi
1882 2113 2057 2163 Davidi
2095 2113 2224 2163 servo
2259 2129 2385 2170 mee,

372 2175 513 2244 usque
550 2191 775 2234 aeternum
811 2181 1009 2234 firmabo
1047 2181 1199 2233 semen
1235 2194 1390 2240 tuum,
1424 2183 1475 2231 &
1507 2182 1750 2232 aedificabo
1781 2183 1836 2230 in
1868 2182 2206 2245 generationem
2229 2180 2280 2228 δι
2304 2196 2386 2245 ge-

372 2246 650 2309 nerationem
687 2248 908 2296 thronum
941 2251 1128 2306 tuum‚”
1179 2248 1358 2304 Psalm:
1385 2265 1601 2303 mxxix:
1630 2267 1677 2314 3,
1727 2247 1809 2298 ubi
1854 2250 1990 2297 etiam
2034 2248 2092 2296 de
2136 2249 2347 2297 Domino
2367 2268 2386 2302 3

371 2325 572 2374 pangere
605 2311 762 2362 foedus
790 2315 972 2372 Electo,
1008 2318 1058 2364 δε
1083 2314 1236 2380 jurare
1258 2317 1450 2373 Davidi,
1484 2332 1570 2380 pro
1604 2314 1948 2365 confirmatione
1987 2314 2268 2363 irrevocabili
2306 2311 2383 2362 seu

371 2376 566 2424 veritate
603 2388 788 2434 aeterna,
818 2381 976 2427 David
1016 2397 1104 2443 pro
1138 2383 1366 2439 Domino,
1399 2398 1462 2430 n:
1495 2386 1640 2437 1888,
1673 2396 1868 2444 pangere
1899 2379 2057 2444 foedus
2093 2379 2261 2442 spectat
2290 2379 2382 2426 Di-

371 2442 538 2490 vinum
575 2441 780 2501 Bonum,
818 2441 973 2507 jurare.
1010 2446 1239 2496 Divinum
1263 2447 1470 2494 Verum:
1522 2447 1647 2509 apud
1684 2446 1921 2501 Eundem,
1965 2449 2000 2471 “
2023 2445 2138 2499 Non
2178 2444 2379 2509 propha-

368 2506 476 2556 labo
510 2505 668 2566 foedus
707 2525 885 2566 meum,
917 2510 970 2559 &
1011 2513 1297 2567 enuntiatum
1336 2512 1561 2561 labiorum
1599 2526 1814 2561 meorum
1851 2527 1945 2559 non
1978 2511 2186 2567 mutabo,
2228 2510 2380 2561 semen

356 2575 525 2638 juravi
539 2576 586 2623 in
595 2575 874 2639 sanblitatem
889 2593 1041 2634 meam,
1067 2577 1284 2633 liDavidi
1308 2579 1548 2635 mentiar?
1582 2578 1765 2626 Psalm:
1791 2593 2002 2626 mxxxix:
2031 2595 2112 2642 35,
2138 2578 2217 2627 ubi
2239 2578 2380 2627 etiam

369 2637 526 2694 David
560 2657 649 2707 pro
684 2642 929 2700 Domin03
979 2641 1149 2693 foedus-
1173 2660 1360 2709 quoque
1401 2644 1464 2693 ibi
1508 2644 1674 2709 spectat
1710 2645 1941 2695 Divinum
1981 2646 2184 2701 Bonum,
2234 2659 2378 2694 enun-

371 2708 537 2759 tiatum
560 2708 783 2759 labiorum
804 2710 1034 2760 Divinum
1056 2727 1238 2769 verum,
1273 2714 1323 2761 ὅτ
1348 2711 1436 2761 hoc
1457 2711 1521 2759 ob
1557 2709 1831 2776 conjugium
1871 2711 1980 2760 boni
2016 2713 2066 2760 &
2100 2713 2212 2767 veri,
2248 2711 2378 2775 quod

370 2773 441 2826 est,
471 2777 520 2823 in
558 2774 746 2839 fingulis
767 2776 928 2834 Verbi,
964 2777 1022 2825 de
1058 2794 1155 2842 quo
1193 2796 1251 2828 n:
1278 2781 1388 2843 683.
1420 2795 1529 2845 793.
1559 2782 1668 2829 801.
1696 2778 1842 2842 2516.
1869 2794 2030 2843 2712:
2081 2778 2205 2842 apud
2247 2779 2377 2826 Eun-

370 2840 496 2899 dem,
535 2845 570 2868 “
591 2844 784 2905 Juravit
806 2844 1012 2907 Jehovah
1046 2846 1226 2899 Davidi,
1258 2850 1508 2902 veritatem,
1557 2861 1583 2893 a
1620 2861 1711 2909 qua
1753 2860 1847 2892 non
1872 2845 2083 2902 recedet,
2130 2845 2188 2892 de
2226 2844 2382 2892 {ruera
2420 2862 2428 2867 ·

370 2907 547 2957 ventris?
574 2909 661 2966 tui
681 2925 862 2973 ponam⁴
892 2911 941 2959 in
979 2910 1091 2965 solio
1125 2911 1224 2968 tibi,
1259 2913 1295 2961 fi
1327 2912 1655 2961 custodiverint
1691 2911 1777 2961 filii
1812 2913 1880 2960 tui
1916 2909 2075 2960 foedus
2115 2927 2288 2966 meum,
2327 2913 2373 2959 &

370 2971 682 3036 testimonium
705 2992 884 3035 meum,
918 2979 1045 3041 quod
1068 2979 1215 3027 doceo
1237 2981 1363 3036 eos,''
1391 2979 1548 3033 ,Psalm
1571 2996 1581 3024 ε
1609 2994 1783 3025 cxxxu
1805 2997 1817 3026 ε
1850 2995 1904 3041 12
1928 3000 1942 3033 3
1971 2976 2147 3043 juravit
2170 2978 2380 3038 jehovab

367 3039 542 3093 Davidi
578 3042 837 3101 veritatem,
872 3043 1103 3093 manifeste
1138 3061 1224 3109 pro
1263 3048 1460 3099 veritatis
1502 3059 1687 3094 aeternae
1722 3045 2085 3101 confirmatione,
2134 3055 2285 3108 quare„
2307 3045 2379 3107 di-

368 3107 503 3163 citur,
538 3123 563 3154 e
584 3124 676 3172 qua
698 3126 791 3167 non
814 3110 1026 3168 recedet;
1062 3128 1144 3177 per
1178 3114 1406 3163 Davidem
1445 3113 1573 3176 quod
1614 3112 1893 3175 intelligatur
1916 3113 2164 3167 Dominus,
2200 3111 2380 3157 elifium

367 3169 464 3229 est·‚
504 3169 817 3237 juramentum
859 3177 997 3243 usque
1038 3192 1131 3229 erat
1169 3181 1360 3237 Davidi,
1413 3184 1521 3293 qtiiia
1557 3177 1674 3237 talis,
1710 3179 1838 3242 quod
1876 3178 2116 3227 crediderit
2154 3178 2212 3224 de
2248 3176 2289 3223 se
2324 3179 2380 3288 ξε

1335 3266 1340 3268 “
1551 3262 1578 3294 2
2345 3258 2382 3288 ‚e
