2872 3730
525 195 661 279 ‘198
973 197 1106 265 --G
1196 198 1257 264 E
1350 199 1435 264 N
1516 196 1580 264 Ε
1670 199 1721 266 -S
1805 199 2018 268 13.-

526 327 685 375 oculos
707 326 806 374 suos
831 327 880 376 &
906 327 1037 384 vidit,
1074 330 1292 393 fignificat
1317 330 1611 387 intentionem
1632 349 1642 379 ε
1675 331 1730 378 ’δε
1752 344 1858 380 0000
1886 330 2044 379 cameli
2067 329 2308 389 venientes,
2345 332 2514 396 fignifi-

528 406 598 440 cat
623 394 677 440 ad
711 397 973 459 communia
1005 393 1242 443 scientifica
1266 398 1310 442 in
1336 396 1523 443 naturali
1547 396 1744 445 homine.
2370 434 2372 436 -

598 478 740 524 3¹94-
777 460 960 521 jischak
997 464 1122 508 venit
1158 478 1182 508 a
1219 462 1443 509 veniendo
1482 462 1732 510 Beerlachai
1771 465 1854 519 roi,
1889 464 2012 527 quod
2041 463 2259 527 significet
2284 464 2511 515 Divinum

529 526 710 573 Bonun
750 527 982 575 Rationale
1021 543 1077 573 ex
1119 527 1213 590 ipso
1257 529 1426 574 Divino
1449 529 1572 576 Vero
1610 541 1784 587 natum,
1826 531 1998 577 constat
2037 546 2092 577 ex
2129 529 2512 592 repraesentatione

527 590 744 652 Jischaki,
780 593 907 656 quod
948 594 1000 639 s1t
1035 594 1259 640 Divinum
1296 595 1531 641 Rationale
1564 596 1777 651 Domini,
1813 596 1870 643 de
1890 611 1980 659 qua
2003 614 2062 644 n:
2089 601 2231 658 2083.
2261 597 2404 658 2630,
2442 594 2513 644 hic

526 659 680 720 quoad
700 655 926 705 Divinum
951 661 1128 706 Bonum
1154 659 1232 716 ibi,
1269 661 1374 722 quia
1397 661 1604 707 nondum
1629 661 1804 708 Verum
1829 663 2056 709 Divinum
2088 679 2112 708 e
2146 662 2332 708 naturali
2354 678 2513 710 evoca*
2540 674 2545 676 “

526 734 646 781 tum,
681 725 805 788 quod
830 741 911 788 per
934 725 1187 772 Rebeccam
1223 724 1574 788 repraesentatur,
1610 726 1690 789 ipfi
1726 725 2037 790 conjunctum,
2073 729 2119 774 in
2142 728 2226 784 his,
2260 743 2366 790 quae
2392 744 2513 775 nune

527 788 787 853 sequuntur,
839 791 896 838 de
941 789 1256 854 conjunctione
1301 794 1482 854 agitur;
1533 793 1584 839 &
1624 809 1649 839 a
1687 791 2011 856 significatione
2050 795 2202 841 venire
2233 804 2270 839 a'
2288 795 2513 842 veniendo

526 856 775 913 Beerlachai
799 859 882 913 roi,
918 858 1044 920 quod
1079 858 1131 904 s1t
1163 874 1218 904 ex
1241 859 1415 905 Divino
1437 858 1561 905 Vero
1586 870 1743 905 natum
1765 881 1779 914 ς
1815 860 2065 907 Beerlachai
2089 861 2157 908 roi
2178 860 2223 906 in
2246 859 2402 922 lingua
2424 861 2511 907 ori·

526 922 663 982 ginali
689 923 905 985 significat
917 922 1080 983 fontem
1104 926 1210 971 vivo
1233 924 1398 971 videnti
1428 941 1506 980 me,
1542 937 1593 971 ut
1618 923 1745 987 supra
1768 925 1922 972 Genes
1932 943 1942 972 ε
1969 941 2054 972 xvx
2076 944 2086 972 :
2119 943 2192 987 15,
2227 924 2307 971 ubi
2330 926 2510 989 legitur,

526 992 558 1014 “
597 989 757 1051 Hagar
778 990 957 1035 vocavit
981 1005 1149 1036 nomen
1171 990 1362 1050 Jehovae
1402 990 1628 1053 loquentis
1663 990 1721 1037 ¹ad
1756 991 1813 1047 se,
1849 992 1928 1038 Tu
1953 992 2077 1040 Deus
2100 992 2258 1037 videns
2283 1006 2374 1047 me,
2409 996 2513 1054 quia

502 1053 655 1112 ¹dixit,
692 1070 804 1101 num
844 1056 979 1101 etiam
1027 1054 1098 1101 hic
1132 1056 1231 1101 vidi
1263 1055 1364 1117 post
1399 1057 1630 1103 videntem
1669 1072 1778 1111 me3
1831 1071 2065 1121 propterea
2103 1058 2285 1104 vocavit
2330 1055 2507 1106 fontem

523 1120 772 1166 Beerlachai
796 1121 863 1165 roi
888 1118 1009 1178 (fons
1026 1121 1137 1166 vivo
1161 1120 1333 1166 videnti
1357 1135 1430 1167 me
1449 1125 1486 1172 ε)
1506 1137 1612 1183 quae
1635 1122 1748 1184 quid
1771 1123 2042 1183 significant,
2078 1123 2286 1169 videatur
2307 1138 2359 1171 n:
2385 1141 2506 1185 1952

520 1185 577 1231 ad
610 1191 763 1250 1958·‚
799 1185 862 1232 ibi
898 1200 1082 1248 quoque
1119 1197 1256 1248 patet,
1293 1186 1422 1248 quod
1461 1184 1560 1232 fons
1601 1186 1655 1232 fit
1686 1187 1913 1233 Divinum
1936 1189 2143 1241 Verum;
2178 1188 2327 1234 Vivus
2350 1190 2508 1236 videns

519 1267 593 1297 me
631 1252 756 1314 quod
799 1251 851 1297 fit
879 1251 1101 1298 Divinum
1127 1252 1309 1299 Bonum
1334 1251 1585 1308 Rationale,
1619 1251 1746 1315 quod
1782 1251 1845 1298 ibi
1883 1264 2072 1299 vocatur
2102 1253 2297 1298 Domini
2319 1252 2511 1302 Interior

516 1316 675 1381 hom-o,
711 1334 768 1365 ex
789 1318 964 1364 Divino
985 1316 1123 1364 Vero.
1195 1318 1320 1365 Cum
1358 1319 1633 1365 arcaniffimo
1670 1317 1758 1364 hoc
1801 1318 1860 1365 ita
1901 1317 1943 1365 se
1981 1318 2146 1374 habet,
2181 1316 2400 1381 Ipfiffimo
2421 1319 2510 1367 Di-

514 1385 625 1429 vino
661 1383 725 1430 est
750 1386 929 1432 Bonum
957 1385 1006 1431 δε
1027 1384 1221 1440 Verum,
1258 1384 1488 1433 Dominus
1526 1384 1679 1447 quoad
1712 1384 1940 1432 Divinum
1964 1385 2239 1432 Humanum
2280 1385 2422 1432 exivit
2451 1402 2508 1433 ex

515 1450 690 1496 Divino
715 1452 862 1506 Bon0,
899 1452 947 1498 &
971 1462 1099 1498 natus
1121 1467 1178 1498 ex
1200 1451 1377 1497 Divino
1392 1450 1517 1497 Vero
1536 1472 1556 1512 ς,
1588 1449 1660 1497 seu
1683 1450 1811 1514 quod
1835 1450 1974 1507 idem,
2011 1449 2164 1514 Ipsum
2188 1450 2291 1498 Effe
2313 1451 2507 1499 Domini

513 1529 604 1562 erat
650 1518 874 1563 Divinum
915 1518 1114 1572 Bonum,
1175 1518 1223 1564 δε
1262 1516 1416 1579 Ipsum
1453 1515 1654 1563 Existere
1699 1527 1791 1563 erat
1835 1517 2063 1563 Divinum
2099 1517 2292 1572 Verum,
2343 1517 2504 1565 exinde

512 1582 737 1645 Divinum
778 1584 960 1630 Bonum
1000 1581 1235 1631 Rationale
1278 1582 1484 1638 Domini,
1521 1585 1596 1629 cui
1619 1582 1847 1629 Divinum
1863 1583 2039 1630 Verum
2064 1583 2121 1629 ex
2144 1583 2371 1629 Humano
2393 1597 2503 1631 con-

503 1644 673 1709 junxit.

581 1731 722 1778 3195.
758 1714 824 1761 Et
863 1713 936 1760 ille
975 1713 1175 1761 habitans
1215 1713 1261 1760 in
1299 1725 1413 1763 terra
1448 1713 1666 1770 meridiei,
1701 1713 1826 1777 quod
1867 1713 2088 1777 significet
2127 1713 2231 1761 inde
2262 1714 2309 1760 in
2330 1713 2500 1762 Divina

507 1779 622 1835 11100,
660 1780 831 1827 constat
862 1796 918 1827 ex
950 1780 1271 1844 significatione
1302 1779 1513 1836 habitare,
1547 1779 1673 1842 quod
1706 1781 1758 1828 fit
1780 1782 1950 1836 vivere,
1987 1781 2044 1827 de
2067 1796 2157 1843 qua
2180 1796 2237 1828 n:
2271 1796 2411 1842 1293,
2447 1782 2498 1829 δε

504 1846 631 1908 quod
671 1847 945 1910 praedicctur
984 1847 1041 1893 de
1078 1846 1215 1907 bono,
1253 1863 1313 1894 n:
1342 1846 1483 1895 2268.
1506 1863 1647 1908 2451.
1670 1862 1792 1911 2712
1819 1868 1833 1901 ς
1868 1847 1918 1893 δε
1941 1862 1997 1893 ex
2020 1846 2342 1907 significatione
2365 1857 2496 1894 terrae

504 1913 722 1970 meridiei,
759 1912 883 1975 quod
909 1912 962 1959 fit
982 1913 1153 1959 Divina
1174 1913 1319 1972 Lux3
1354 1912 1562 1960 meridies
1601 1913 1724 1958 enirn
1765 1912 1988 1974 fignificat
2024 1912 2195 1966 lucem,
2231 1910 2494 1973 &quidem

465 1990 473 1996 ·
502 1976 651 2024 lucem
677 1980 1001 2042 intelligentiae,
1038 1993 1144 2042 quae
1173 1979 1235 2026 est
1265 1978 1472 2042 sapientia
1495 1995 1553 2026 n:
1587 1982 1708 2040 1458
1731 1999 1746 2033 ς
1782 1990 1896 2024 terra
1924 1990 2075 2024 autem
2111 1976 2312 2023 meridiei
2337 1976 2494 2024 locum

500 2044 552 2090 δε
577 2044 741 2091 statum
775 2045 854 2090 ubi
878 2046 950 2091 illa
973 2045 1084 2100 lux3
1122 2047 1181 2092 ita
1204 2045 1291 2102 hic,
1327 2044 1452 2107 quod
1478 2043 1662 2104 Jischak
1685 2044 1809 2091 venit
1832 2060 1858 2090 a
1880 2043 2107 2092 veniendo
2131 2042 2381 2090 Beerlachai
2405 2045 2491 2100 roi,

500 2110 549 2156 ὃς
575 2111 647 2156 1110
671 2110 869 2157 habitans
894 2112 938 2158 in
963 2122 1077 2158 terra
1101 2111 1319 2166 meridiei,
1355 2109 1576 2172 fignificat
1609 2109 1737 2173 quod
1775 2111 1998 2157 Divinum
2031 2107 2212 2156 Bonum
2237 2108 2490 2166 Rationale,

500 2179 607 2238 quia
630 2193 685 2222 ex
707 2178 882 2223 Divino
904 2178 1026 2223 Vero
1050 2188 1222 2232 natum,
1259 2178 1304 2222 in
1327 2176 1498 2223 Divina
1521 2176 1651 2223 Luce
1673 2176 1791 2222 esset.
1862 2176 1974 2222 Lux
1996 2174 2226 2222 multoties
2263 2176 2310 2220 in
2332 2174 2490 2223 Verbo

500 2255 793 2298 memoratur,
829 2244 878 2289 δε
902 2259 980 2306 per
1004 2241 1126 2290 illam
1152 2244 1197 2289 in
1221 2240 1343 2289 sensu
1367 2243 1543 2289 interno
1565 2241 1842 2304 significatur
1875 2256 2035 2288 verum
2076 2241 2202 2303 quod
2241 2255 2298 2287 ex
2329 2240 2452 2287 bono
2473 2262 2489 2295 3

499 2307 543 2352 in
581 2308 700 2355 sensu
736 2321 883 2355 autem
919 2310 1093 2355 interno
1130 2308 1339 2372 supremo
1376 2323 1456 2371 per
1478 2308 1657 2355 Lucem
1682 2307 1957 2371 significatur
1980 2305 2076 2370 Ipse
2101 2307 2349 2362 Dominus,
2370 2307 2492 2368 ⁴quia.

497 2373 576 2420 Ille
599 2374 661 2421 est
683 2375 828 2438 ipsum
855 2376 1036 2421 Bonum
1060 2374 1110 2422 &
1133 2375 1339 2422 Verum:
1375 2373 1441 2420 est
1461 2389 1645 2438 quoque
1678 2374 1904 2421 aCtualiter
1927 2374 2036 2420 Lux
2068 2374 2114 2419 in
2151 2372 2294 2428 coelo,
2326 2371 2399 2419 sed
2421 2373 2491 2419 in-

495 2439 623 2487 finite
662 2440 872 2488 illustrior
910 2456 1051 2504 quam
1091 2440 1172 2488 lux
1207 2443 1254 2488 in
1285 2453 1418 2497 terra,
1452 2441 1660 2489 videatur
1694 2455 1752 2487 n:
1787 2456 1924 2503 1053.
1952 2455 2088 2503 1117.
2113 2455 2232 2500 1521.
2259 2437 2316 2484 ad
2348 2454 2487 2501 1533.

502 2506 622 2569 1619
649 2507 705 2552 ad
735 2508 854 2569 1632
880 2529 893 2561 ·,
930 2508 975 2554 in
998 2507 1129 2554 Luce
1163 2506 1236 2553 illa
1268 2506 1310 2553 se
1334 2518 1498 2553 mutuo
1521 2507 1680 2553 vident
1704 2506 1895 2569 Spiritus
1917 2506 1968 2551 δε
1991 2505 2163 2565 Angeli
2185 2505 2235 2550 &
2259 2518 2341 2566 per
2363 2503 2488 2550 illam

496 2570 733 2633 conspicua
755 2571 818 2620 est
840 2573 988 2617 omnis
1011 2572 1156 2634 gloria
1176 2587 1282 2634 quae
1304 2574 1352 2618 in
1375 2573 1528 2625 coelo3
1563 2571 1638 2617 sed
1659 2571 1771 2616 Lux
1794 2571 1869 2616 illa
1891 2569 2043 2632 quoad
2066 2569 2271 2614 lucidum
2297 2568 2492 2630 quidem·

493 2651 677 2698 apparet
698 2624 852 2682 similis
875 2637 964 2681 luci
986 2637 1031 2681 in
1058 2637 1250 2690 mundo,
1287 2635 1359 2681 sed
1385 2635 1523 2697 usque
1546 2651 1636 2681 non
1654 2634 1935 2689 -estfimilis,
1973 2649 2064 2689 non
2094 2634 2217 2679 enim
2256 2632 2319 2678 est
2351 2645 2483 2679 natu-
2515 2663 2522 2665 -

495 2703 611 2757 ralis,
648 2700 721 2757 sed
745 2701 808 2747 est
831 2700 1082 2763 spiritualis,
1119 2702 1165 2745 in
1196 2699 1237 2745 se
1275 2700 1406 2746 habet
1429 2699 1705 2764 sapientiam,
1740 2698 1799 2745 fic
1824 2710 1875 2744 ut
1899 2714 1994 2744 non
2019 2698 2140 2745 aliud
2164 2698 2217 2745 fit
2245 2712 2387 2761 quarn
2419 2698 2482 2745 sa-

493 2767 676 2830 pientia,
713 2782 818 2829 quae
841 2767 900 2812 ita
931 2778 1031 2812 ante
1054 2766 1210 2812 oculos
1232 2764 1415 2811 illorum
1441 2765 1577 2820 lucet,
1612 2780 1749 2827 quare
1771 2765 1905 2810 etiam
1943 2779 2037 2825 quo
2076 2763 2357 2826 sapientiores
2381 2765 2483 2811 An·

493 2833 601 2898 geli,
637 2848 691 2878 00
716 2833 760 2878 111
784 2831 1016 2878 illustriore
1040 2831 1169 2877 Luce
1196 2828 1312 2886 sunt,
1349 2847 1407 2878 n:
1435 2831 1599 2895 2776;
1635 2830 1733 2877 haec
1766 2830 1876 2876 Lux
1911 2831 2044 2875 etiam
2088 2830 2315 2875 illuminat
2353 2830 2482 2876 intel-

492 2899 662 2946 lectum
688 2898 885 2944 hominis
909 2897 1178 2960 cumprimis
1203 2897 1459 2958 regenerati,
1497 2895 1572 2942 sed
1597 2911 1687 2942 non
1711 2896 1766 2942 ab
1788 2896 1973 2941 homine
1997 2896 2300 2957 appercipitur
2322 2910 2483 2957 quam-

492 2966 570 3012 diu
612 2965 657 3010 in
689 2965 782 3010 vita
814 2961 1024 3026 corporis
1050 2961 1129 3019 est,
1165 2974 1350 3025 propter
1389 2962 1539 3008 lucem
1581 2960 1743 3007 mundi
1781 2976 1888 3025 quae
1926 2973 2034 3006 tunc
2076 2973 2264 3023 regnat3
2302 2959 2480 3023 spiritus

492 3031 598 3078 mali
622 3032 667 3076 in
689 3029 825 3076 altera
844 3030 937 3075 vita
959 3029 1093 3075 etiam
1126 3027 1168 3073 se
1190 3039 1354 3075 mutuo
1376 3028 1549 3083 vident,
1587 3028 1636 3073 &
1659 3042 1843 3090 quoque
1865 3027 2023 3072 vident
2045 3029 2174 3088 plura
2195 3026 2480 3089 repraesenta-

488 3099 597 3152 tiva,
634 3105 739 3159 quse
773 3094 966 3141 existunt
998 3095 1044 3141 in
1083 3094 1257 3140 mundo
1293 3092 1550 3156 spirituum,
1586 3092 1671 3139 hoc
1711 3093 1899 3155 quidem
1931 3108 1988 3138 ex
2010 3092 2140 3139 Luce
2164 3094 2288 3149 coeli,
2323 3091 2396 3139 sed
2419 3093 2482 3139 est

485 3162 639 3216 lumen
663 3161 793 3226 quale
814 3176 870 3210 ex
893 3162 998 3225 igne
1021 3159 1293 3218 carbonario,
1329 3161 1375 3207 in
1398 3159 1482 3208 tale
1506 3160 1628 3207 enim
1654 3160 1848 3208 vertitur
1869 3158 1983 3207 Lux
2008 3157 2132 3216 coeli,
2168 3174 2276 3206 cum
2299 3157 2482 3270 adnillos

530 3236 534 3238 ’
2323 3240 2348 3272 a
2384 3236 2480 3272 ult:
