2904 3750
582 210 924 290 CAPUT
967 206 1537 279 VIGESIMUM
1586 208 2108 281 ocTAthM.
2224 219 2314 300 46
2324 237 2362 303 5

353 362 536 406 verum,
570 347 679 410 quia
710 343 1052 396 construebatur
1099 360 1160 392 ex
1196 341 1439 407 lapidibus,
1486 339 1616 405 quod
1654 339 1824 405 lapides
1868 340 1955 390 fint
1988 359 2108 401 vera,
2147 343 2356 393 videatur

356 432 386 464 n
407 434 418 463 :
439 415 550 479 643.
581 414 719 478 1296.
751 417 906 479 1298:
947 411 1075 475 quod
1110 411 1235 474 ligna
1265 410 1315 456 δι
1338 407 1510 471 lapides
1532 406 1634 455 talia
1655 405 1927 470 significent,
1963 425 2054 456 non
2080 412 2222 459 modo
2244 427 2355 476 con-

356 481 440 530 stat
470 497 528 528 ex
547 480 706 528 Verbo
741 479 827 526 ubi
855 479 1164 532 nominantur,
1204 473 1279 521 fied
1308 476 1445 522 etiam
1487 489 1545 520 ex
1578 472 1947 536 repraesentativis
1979 475 2026 522 in
2062 476 2193 523 altera
2224 479 2320 525 vita
2338 502 2355 535 ;

356 548 439 612 qui
459 548 582 595 enim
612 547 830 593 meritum
853 545 901 590 in
927 542 1056 589 bonis
1079 540 1290 604 operibus
1313 551 1510 604 ponunt,
1546 538 1611 586 illi
1634 552 1850 603 apparent
1871 539 1953 587 fibi
1984 539 2179 589 scindere
2203 543 2324 606 ligna
2340 568 2357 601 3

357 616 408 662 &
433 614 515 676 qui
549 613 767 659 meritum
800 611 848 656 in
870 610 987 657 veris
1009 621 1206 672 ponunt,
1241 607 1370 670 quod
1403 621 1568 669 nempe
1602 606 1879 655 crediderint
1917 609 1960 654 se
1995 622 2100 655 vera
2132 624 2228 672 prae
2264 610 2360 660 aliis

319 725 324 726 a
354 678 541 735 noviffe,
576 677 626 725 &
648 684 801 724 tamen
825 675 943 724 male
965 676 1194 732 vixerunt,
1229 686 1449 738 apparent
1481 673 1562 720 fibi
1595 672 1794 720 scindere
1816 673 2021 737 lapides;
2057 691 2165 738 quae
2197 674 2358 738 saepius

356 745 472 794 mihi
504 742 598 791 visa
618 742 751 799 sunt;
793 741 898 790 inde
922 741 1035 789 mihi
1070 741 1270 792 constare
1309 742 1465 804 potuit
1501 740 1614 803 quid
1642 739 1918 803 significatio
1951 740 2064 805 ligni
2096 743 2146 789 ὅτ
2179 741 2357 806 lapidis,

355 827 519 876 nempe
556 809 684 874 quod
723 809 839 872 ligni
877 807 932 856 sit
969 807 1163 867 bonurn,
1198 809 1249 855 ὅτ
1285 807 1448 871 lapidis
1478 807 1532 854 fit
1566 821 1767 862 verum;
1821 808 1986 871 pariter
2023 823 2082 861 ex
2120 824 2193 865 eo,
2228 811 2357 872 quod

353 877 543 942 quando
566 875 658 924 visa
681 875 795 923 mihi
816 875 985 923 domus
1007 874 1173 938 lignea,
1198 873 1321 922 illico
1339 873 1576 922 obvenerit
1597 873 1696 920 idea
1717 871 1844 930 boni,
1869 874 1918 922 &
1942 890 2050 922 cum
2075 874 2169 928 visa
2190 875 2358 925 domus

353 945 563 1009 lapidea,.
583 942 822 991 obvenerit
861 942 964 989 idea
996 942 1125 997 veri;
1165 940 1223 988 de
1255 956 1346 1004 qua
1380 956 1427 987 re
1458 941 1595 987 etiam
1628 938 1686 986 ab
1709 940 1904 1002 Angelis
1943 940 2186 989 instruEius
2226 942 2357 992 sum:

351 1012 461 1059 inde
482 1009 564 1068 est,
598 1025 708 1057 cum
733 1009 780 1056 in
801 1007 960 1056 Verbo
983 1018 1266 1056 memoratur
1287 1007 1456 1055 domus
1477 1007 1586 1064 Dei,
1620 1006 1817 1069 Angelis
1851 1007 2063 1056 obveniat
2097 1008 2197 1056 idea
2230 1009 2357 1067 boni,

351 1078 406 1126 &
430 1076 528 1125 talis
562 1075 670 1124 boni
707 1075 764 1123 de
796 1075 918 1139 quali
952 1075 999 1124 in
1033 1073 1140 1122 serie
1170 1075 1352 1137 agitur;
1387 1075 1437 1121 &
1470 1088 1579 1121 cum
1617 1085 1895 1121 memoratur
1917 1075 2194 1139 Templum,
2228 1077 2360 1141 quod

353 1144 569 1191 obveniat
593 1143 692 1190 idea
713 1142 826 1198 veri,
861 1141 912 1189 δε
937 1141 1036 1190 talis
1058 1141 1157 1188 veri
1192 1141 1250 1188 de
1274 1138 1397 1204 quali
1430 1139 1476 1186 in
1503 1138 1607 1187 serie
1635 1140 1799 1203 agitur.
1873 1140 1987 1189 Inde
2025 1157 2212 1206 quoque
2246 1159 2359 1192 con-

292 1215 298 1225 '
355 1209 484 1258 cludi
516 1207 679 1273 potest,
713 1223 854 1271 quam
886 1207 990 1255 alte.
1007 1208 1056 1255 ὅτ.
1087 1207 1266 1271 penitus
1301 1205 1531 1255 recondita
1562 1204 1665 1253 sunt
1696 1221 1850 1254 arcana
1887 1206 2087 1255 coelestia
2119 1209 2167 1256 in
2191 1209 2360 1265 Verbo,

357 1275 505 1339 Quod
539 1290 621 1340 per
642 1275 858 1323 Domum
876 1274 968 1321 Dei
1006 1267 1080 1321 hic
1102 1272 1382 1338 fignificetur
1403 1273 1624 1336 Regnum
1647 1273 1844 1320 Domini
1882 1274 1931 1320 in
1967 1273 2135 1324 ultimo
2167 1277 2358 1336 ordinis,

356 1342 421 1390 est
443 1342 551 1407 quia
581 1341 731 1406 agitur
754 1340 811 1388 de
834 1339 1028 1402 Jacobo,
1062 1356 1144 1404 per
1165 1355 1305 1405 quem
1343 1339 1470 1403 quod
1508 1337 1849 1402 repraesentetur
1881 1341 2111 1389 Divinum
2141 1343 2360 1394 Naturale

355 1408 569 1466 Domini,
604 1409 730 1473 prius
757 1407 876 1472 saepe
905 1405 1167 1464 ostensum;
1205 1406 1424 1455 Naturale
1454 1405 1518 1453 est
1552 1408 1600 1453 in
1632 1405 1802 1453 ultimo
1823 1405 2014 1463 ordinis,
2051 1424 2158 1456 nam
2198 1412 2246 1458 in
2279 1411 2361 1460 illo

358 1477 656 1524 terminantur
691 1475 900 1523 interiora
921 1474 1095 1531 omnia,
1129 1490 1181 1522 ac
1218 1473 1281 1533 ibi
1311 1472 1446 1521 fimul
1468 1473 1587 1529 sunt,
1623 1472 1675 1520 δε
1706 1474 1814 1537 quia
1836 1472 1969 1520 simul
2004 1473 2067 1521 ibi
2099 1474 2202 1524 sunt
2224 1478 2273 1525 δε
2298 1477 2360 1534 fic

346 1541 492 1591 fimul
515 1541 855 1606 conspiciuntur
875 1540 1222 1589 innumerabilia
1242 1553 1297 1588 ut
1318 1555 1484 1598 unum,
1517 1538 1582 1586 est
1605 1537 1668 1586 ibi
1701 1537 1948 1588 obscurum
1979 1539 2258 1605 respeffive3
2303 1545 2363 1595 de

354 1608 550 1657 obscuro
572 1608 635 1656 ibi
657 1607 918 1672 respeffite,
948 1610 1088 1656 etiam
1109 1608 1236 1671 prius
1261 1607 1499 1670 aliquoties
1529 1605 1698 1653 actum.

426 1692 570 1740 3721.
604 1674 671 1723 Et
703 1674 804 1725 haec
836 1685 968 1737 porta
990 1673 1119 1729 coeli,
1153 1672 1284 1736 quod
1306 1671 1529 1735 fignificet
1549 1672 1772 1719 ultimum
1804 1671 1852 1719 in
1883 1674 2012 1736 quod
2036 1673 2196 1724 definit
2226 1678 2362 1739 ordo,

354 1757 438 1809 per
458 1740 586 1805 quod
609 1739 829 1788 ultimum
862 1755 888 1805 e
911 1751 1068 1788 natura
1087 1750 1352 1803 apparenter
1374 1738 1487 1785 ficut
1509 1737 1738 1795 introitus,
1762 1737 1935 1787 constat
1956 1756 2014 1787 ex
2035 1741 2364 1805 significatione

362 1821 532 1873 portae,
566 1807 695 1871 quod
718 1807 773 1854 fit
796 1805 910 1855 illud
945 1822 1027 1871 per
1048 1806 1177 1869 quod
1199 1807 1346 1853 exitus
1380 1805 1430 1853 &
1453 1805 1694 1862 introitus;
1728 1805 1858 1869 quod
1882 1805 1954 1853 hic
1978 1806 2032 1854 fit
2062 1810 2280 1858 ultimum
2315 1812 2364 1859 in

357 1875 489 1940 quod
509 1874 670 1922 definit
693 1873 825 1930 ordo,
859 1872 926 1921 est
947 1873 1055 1936 quia
1076 1874 1226 1939 agitur
1253 1872 1312 1920 de
1331 1871 1542 1921 Naturali
1573 1873 1699 1937 quod
1722 1888 1803 1936 per
1822 1873 2050 1937 Jacobum
2079 1876 2364 1938 repraesenta.

359 1953 470 1996 tur;
510 1939 624 2003 quid
647 1951 777 2003 porta
797 1938 970 1987 constat
988 1955 1046 1986 ex
1067 1939 1155 1987 illis
1175 1955 1283 2003 quae
1317 1956 1378 1988 nx
1401 1943 1545 2002 2851:
1572 1944 1719 2006 3187,
1755 1938 1874 1994 dicia
1896 1939 1945 1988 &
1969 1939 2139 1995 ostensa
2161 1941 2279 2001 sunt,
2313 1945 2366 1993 δε

359 2006 489 2072 quod
513 2005 729 2054 Naturale
749 2005 803 2052 sit
824 2004 1045 2053 ultimum
1065 2005 1255 2062 ordiniS,
1279 2005 1336 2054 ab
1358 2005 1445 2052 illis
1466 2021 1575 2070 quae
1596 2022 1658 2054 n:
1681 2022 1790 2070 775.
1812 2010 1954 2061 2181.
1982 2011 2110 2072 2987
2136 2009 2194 2055 ad
2219 2027 2363 2074 3002.

364 2091 510 2138 3020.
539 2088 681 2137 3147.
711 2077 852 2136 3167.
879 2075 1023 2135 3483.
1051 2075 1195 2135 3489.
1223 2088 1367 2135 3513.
1396 2087 1538 2135 3570.
1566 2073 1709 2135 3576.
1738 2073 1883 2136 3671,
1907 2072 2035 2120 allata
2057 2073 2187 2123 sunt:
2235 2078 2363 2139 quod

360 2155 444 2203 per
465 2139 514 2186 id
538 2139 756 2191 ultimum
788 2155 813 2186 e
843 2150 1003 2186 natura
1035 2150 1304 2201 apparenter
1325 2137 1386 2187 fic
1410 2137 1525 2185 ficut
1552 2138 1780 2194 introitus,
1811 2137 1875 2191 est
1894 2140 2002 2201 quia
2026 2157 2153 2190 mens
2188 2155 2365 2194 natura-

360 2206 416 2253 lis
447 2204 569 2269 apud
595 2201 831 2256 hominem
854 2203 935 2262 est,
969 2219 1052 2268 per
1074 2219 1215 2267 quam
1246 2203 1324 2252 illa
1355 2219 1462 2268 quae
1496 2202 1599 2251 sunt
1634 2202 1760 2264 coeli,
1795 2203 1883 2252 hoc
1905 2203 1985 2262 est,
2020 2222 2129 2269 quae
2151 2209 2363 2268 Domini,

360 2273 561 2326 influunt
596 2273 647 2319 &
671 2270 951 2320 descendunt
986 2273 1035 2319 in
1072 2283 1296 2328 naturam,
1333 2271 1384 2318 δε
1422 2286 1504 2333 per
1531 2269 1722 2317 eandem
1761 2282 1962 2318 mentem
1995 2271 2084 2328 illa,
2120 2289 2227 2336 quae
2261 2274 2366 2329 sunt

358 2337 553 2394 naturae,
587 2337 851 2394 ascendunt,
885 2337 1092 2391 videatur
1131 2353 1193 2386 n:
1215 2355 1241 2400 3
1250 2353 1380 2398 7023
1425 2336 1501 2383 sed
1539 2336 1670 2399 quod
1707 2335 1761 2383 fit
1794 2349 2058 2399 apparenter
2091 2339 2302 2388 introitus
2338 2358 2365 2391 a

357 2415 519 2453 =natura
541 2419 624 2466 per
645 2396 847 2450 mentem
870 2402 1121 2450 naturalem
1144 2395 1190 2449 in
1224 2405 1449 2458 interiora,
1483 2401 1684 2449 constare
1707 2401 1854 2466 potest
1882 2417 1940 2448 ex
1963 2402 2180 2467 illisquae
2203 2409 2363 2468 paffim

361 2471 488 2534 prius
524 2469 644 2516 dieta
676 2467 730 2519 &
750 2467 919 2516 ostensa
940 2468 1075 2524 sunt3
1117 2480 1300 2533 apparet
1331 2483 1487 2515 coram
1512 2468 1696 2515 homine
1718 2467 1847 2532 quod
1871 2466 2046 2530 objecta
2082 2472 2244 2522 mundi
2281 2489 2364 2536 per

361 2535 507 2583 sensus
544 2532 641 2598 ejus
680 2535 884 2598 corporis
914 2532 987 2582 seu
1019 2545 1229 2589 externos
1258 2536 1445 2591 intrent,
1478 2533 1530 2582 &
1564 2534 1759 2581 afficiant
1795 2535 2020 2592 interiora,
2060 2537 2110 2583 δε
2141 2537 2202 2584 fic
2233 2540 2364 2602 quod

360 2603 574 2651 introitus
603 2600 658 2648 fit
687 2600 744 2648 ab
765 2601 931 2649 ultimo
954 2601 1122 2648 ordinis
1155 2602 1202 2648 in
1232 2600 1310 2651 illa
1340 2615 1450 2664 quae
1482 2601 1604 2648 intus
1629 2599 1747 2657 sunt,
1783 2612 1830 2650 at
1851 2601 1979 2664 quod
2002 2600 2116 2648 illud
2146 2603 2201 2651 fit
2222 2621 2361 2669 appa·

360 2669 504 2716 rentia
526 2669 575 2715 &
600 2666 787 2725 fallacia,
824 2679 945 2732 patet
968 2683 1025 2716 ex
1048 2668 1288 2721 communi
1322 2666 1493 2730 regula,
1533 2666 1660 2730 quod
1683 2666 1929 2731 posteriora
1961 2683 2055 2715 non
2091 2671 2257 2732 poffint
2292 2673 2362 2720 in·

342 2734 499 2786 ffluere
520 2736 568 2782 in
593 2734 758 2798 priora,
793 2733 884 2790 seu,
920 2734 1049 2798 quod
1079 2734 1221 2791 idem,
1257 2732 1464 2783 inferiora
1485 2733 1533 2780 in
1556 2732 1798 2797 superiora,
1834 2731 1927 2790 seu,
1961 2734 2090 2797 quod
2110 2735 2254 2794 idem,
2278 2753 2362 2786 ex-

363 2801 524 2849 teriora
557 2802 604 2847 in
628 2802 851 2857 interiora,
887 2799 977 2857 seu,
1011 2801 1139 2864 quod
1169 2800 1315 2848 adhuc
1348 2800 1488 2857 idem,
1521 2800 1596 2847 illa
1627 2816 1734 2863 quae
1769 2801 1870 2847 sunt
1905 2800 2068 2847 mundi
2102 2802 2153 2850 δε
2186 2817 2363 2857 naturae

366 2866 414 2914 in
449 2866 524 2913 illa
556 2861 662 2931 quae
685 2866 788 2914 sunt
812 2866 920 2914 coeli
954 2868 1003 2914 &
1040 2866 1250 2931 spiritus;
1291 2867 1366 2914 illa
1396 2868 1520 2914 enim
1555 2868 1758 2929 crafliora
1788 2865 1907 2922 sunt,
1944 2866 2042 2914 haec
2072 2869 2269 2932 puriora,
2309 2872 2361 2918 &-

367 2934 570 2979 craffiora
605 2932 694 2990 illa,
729 2949 837 2996 quae
860 2932 961 2981 sunt
983 2933 1175 2983 Externi
1208 2933 1282 2980 seu
1304 2933 1533 2982 Naturalis
1569 2932 1783 2989 hominis,
1819 2932 2016 2987 existunt
2049 2935 2099 2988 &
2122 2935 2362 2984 subsistunt

365 2998 423 3046 ab
451 2997 548 3044 'illis
579 3013 687 3061 quae
725 2998 827 3047 sunt
864 3000 1034 3054 Interni
1067 2999 1141 3047 seu
1165 2999 1419 3048 Rationalis
1455 3000 1669 3062 hominis,
1709 3015 1815 3063 quae
1847 3015 1940 3050 non
1976 3000 2150 3052 afficere
2181 3002 2363 3064 poffunt

365 3063 562 3126 puriora,
596 3063 673 3110 sed
706 3066 964 3113 afficiuntur
997 3083 1023 3114 a
1058 3066 1345 3129 purioribus:
1402 3065 1579 3113 Verum
1609 3065 1848 3130 quomodo
1884 3065 1926 3112 se
1958 3065 2090 3115 habet
2126 3082 2231 3115 cum
2273 3068 2360 3115 hoc

365 3129 559 3185 influxu,
592 3130 700 3192 quia
732 3130 822 3193 ipsa
843 3134 1100 3195 apparentia
1121 3134 1171 3180 &
1195 3131 1369 3189 fallacia
1404 3131 1583 3196 prorsus
1614 3133 1898 3185 contrarium
1925 3131 2204 3194 persuadent,
2241 3132 2358 3180 seor·

343 3194 469 3252 firm,
502 3208 561 3248 ex
580 3194 753 3244 Divina'
772 3197 967 3246 Domini
989 3198 1319 3258 Misericordia,
1342 3198 1420 3246 ubi
1446 3199 1502 3244 de
1525 3199 1728 3256 Influxu,
1760 3197 1964 3247 dicetur:
2008 3198 2112 3252 inde
2134 3214 2256 3247 nunc
2280 3197 2361 3254 est,

1430 3263 1481 3310 N
1504 3278 1535 3314 n
1558 3278 1590 3311 n
2237 3264 2367 3329 quod
