2904 3750
519 183 680 251 ἴδοι
1000 174 1038 238 ,⁶⁰
1073 176 1150 245 G·
1183 182 1189 187 “
1227 180 1308 246 Ἐ
1351 177 1497 246 N·
1548 179 1612 245 E
1699 178 2048 249 8:15³.

618 309 763 373 3958.
798 304 941 354 Vers:
972 321 1047 370 19.
1076 316 1153 355 20.
1190 307 1254 354 Et
1276 308 1457 369 concepit
1479 305 1782 364 adhuc'Lcah,
1824 307 1882 358 δέ
1907 309 2072 371 peperit
2082 306 2231 369 filium
2252 310 2413 369 ss'xtum
2439 312 2528 375 Jael

547 374 660 423 coba.
731 374 793 421 Et
813 372 926 421 dixit
961 373 1100 430 Lcah,
1122 371 1286 420 dotavit
1303 388 1368 420 me
1390 374 1511 421 Deus
1533 388 1598 421 me
1634 372 1728 421 dote
1748 374 1873 431 bona,
1913 376 2008 423 vice
2040 375 2120 422 hac
2142 375 2396 425 cohabitabit
2416 379 2525 427 mihi

523 482 526 485 .
548 445 626 489 vir
647 455 779 498 meus,
817 442 918 504 quia
935 442 1079 503 peperi
1110 439 1175 487 illi
1193 441 1270 502 sex
1294 438 1428 498 -filios,
1462 438 1519 488 ξεῖ
1541 441 1716 486 vocavit
1744 455 1889 487 nomen
1917 440 2008 503 cjus
2030 440 2222 489 Sebulun.
2297 443 2529 507 Concepit

548 507 699 554 adhuc
718 506 860 563 Leah,
883 506 938 552 ὅτ,
959 505 1137 571 peperit
1161 505 1310 553 filium
1332 505 1511 567 sextum
1525 505 1715 565 Jacobo,
1741 505 1965 568 fignificat
1986 506 2293 570 receptionem
2317 509 2367 556 ὅτ
2391 509 2524 572 agni·

550 573 756 620 tionem:
793 572 842 620 ὅτ
865 571 985 619 dixit
1008 571 1152 626 Leah,
1187 570 1366 618 dotavit
1388 575 1464 618 me
1487 572 1614 618 Deus
1636 587 1711 618 me
1734 571 1844 619 dote
1866 572 2001 628 bona,
2035 573 2138 620 vice
2174 572 2257 621 hac
2295 574 2526 623 cohabita-
2570 598 2576 601 ·

550 638 620 686 bit
643 636 765 688 mihi‘
779 638 852 684 vir
874 653 1017 693 meus,
1054 637 1159 700 quia
1181 636 1338 699 peperi
1363 635 1426 682 ini
1451 636 1527 685 sex
1547 636 1682 693 filios,
1703 635 1946 702 fignificat
1985 638 2032 685 in
2063 638 2187 687 sensu
2213 639 2425 704 supremo
2447 641 2527 704 Ip-

548 706 648 753 sum
672 703 900 751 Divinum
920 702 1111 750 Domini
1138 702 1187 748 ὅτ
1208 701 1435 748 Divinum
1459 702 1736 750 Humanum
1760 703 1918 765 Ipsius,
1953 703 2001 751 in
2033 704 2158 752 sensu
2199 705 2378 753 interno
2415 723 2526 754 con-

532 770 730 835 jugium
754 764 952 825 coeleste,
992 768 1039 815 in
1070 779 1259 814 externo
1294 782 1500 814 amorem
1531 765 1868 831 conjugialem:
1920 769 1970 816 ὅτ
1992 772 2181 819 vocavit
2219 787 2390 820 nomen
2430 771 2529 836 ejus

524 871 526 874 -
549 836 768 885 Sebulun.
1750 879 1752 881 .
1967 874 1972 880 .
2030 878 2033 881 ,
2111 865 2114 867 Δ

619 918 762 966 3959.
799 899 1025 964 Concepit
1046 898 1192 947 adhuc
1214 897 1360 955 Leah,
1395 897 1446 945 ὅτ
1469 896 1650 962 peperit
1671 897 1822 947 filium
1855 898 2029 947 sextum
2054 899 2246 960 Jacob0,
2275 895 2414 965 'quod
2438 904 2529 967 fig-

550 969 706 1015 nificet
727 967 1034 1030 receptionem
1052 966 1103 1012 &
1125 965 1428 1028 agnitionem,
1465 979 1632 1028 nempe
1655 964 1768 1021 veri,
1799 965 1973 1012 constat
1995 981 2052 1012 ex
2074 965 2398 1029 significatione
2419 984 2530 1019 con-

548 1034 716 1098 cipere,
752 1033 879 1096 quod
903 1032 956 1079 fit
976 1031 1189 1095 recipere,
1224 1031 1275 1078 ὅτ
1302 1046 1455 1093 parere
1484 1030 1615 1096 quod
1648 1029 1703 1090 fit
1724 1029 1979 1094 agnoscere,
2017 1031 2075 1078 de
2107 1031 2271 1095 quibus
2296 1032 2424 1098 supra
2456 1050 2520 1082 n:

549 1114 712 1164 3955-,
747 1100 798 1146 &
820 1114 876 1145 ex
900 1097 1229 1162 significatione
1251 1096 1353 1155 filii,
1388 1097 1517 1161 quod
1555 1095 1609 1144 fit
1629 1111 1812 1154 verum,
1845 1097 1904 1145 de
1925 1112 2014 1161 qua
2044 1113 2104 1145 n:
2128 1100 2243 1162 489.
2268 1114 2383 1162 49¹·
2407 1115 2522 1164 533.

554 1166 953 1226 114.262.33
1028 1201 1040 1214 .
1267 1212 1272 1215 ,
1460 1202 1462 1205 -
1559 1222 1561 1224 μ

618 1180 761 1294 ςζὸο.
797 1181 860 1280 ἐι
881 1179 1168 1288 dixi7t3Leah,
1203 1229 1380 1279 dotavit
1403 1246 1478 1278 me
1503 1231 1631 1279 Deus
1654 1245 1728 1285 me
1751 1230 1861 1278 dote
1885 1229 2020 1286 bona,
2044 1230 2144 1279 vice
2168 1231 2251 1279 hac
2289 1231 2521 1282 cohabitass

546 1296 618 1345 bit
642 1297 755 1344 mihi
781 1297 852 1344 vir
875 1311 1017 1354 meus,
1052 1298 1160 1362 quia
1182 1297 1339 1361 peperi
1362 1297 1428 1344 illi
1453 1297 1527 1344 sex
1548 1297 1685 1353 filios,
1714 1296 1844 1360 quod
1867 1297 2089 1358 significet
2128 1297 2174 1346 in
2210 1297 2334 1346 sensu
2359 1299 2523 1362 supre-

549 1379 630 1411 mo
653 1363 807 1426 Ipsum
826 1363 1052 1410 Divinum
1072 1364 1265 1411 Domini
1286 1363 1336 1410 ὅτ
1355 1362 1582 1410 Divinum
1606 1363 1883 1412 Humanum
1905 1362 2064 1427 Ipsius,
2100 1364 2146 1411 in
2187 1362 2313 1423 sensu*
2343 1363 2523 1414 interno

525 1427 812 1493 *conjugium
834 1429 1031 1487 coeleste,
1067 1430 1114 1476 in
1143 1442 1328 1484 externo
1350 1439 1560 1482 amorem
1579 1428 1902 1491 conjugialem,
1925 1428 2095 1478 constat
2116 1445 2177 1476 ex
2197 1429 2524 1493 significatione

547 1496 824 1552 cohabitare,
848 1497 897 1543 ὅτ
915 1511 1099 1560 quoque¹
1112 1512 1170 1544 ex
1187 1495 1368 1560 reliquis
1391 1495 1538 1543 verbis
1561 1495 1803 1559 quaeLeah
1821 1508 1928 1542 tunc
1949 1495 2160 1558 loquuta:
2175 1496 2307 1559 Lquod
2325 1496 2524 1549 Cohabi-

543 1575 636 1609 tare
662 1562 734 1609 seu
753 1562 1043 1610 Cohabitatio
1067 1561 1120 1610 sit
1140 1562 1188 1608 in
1200 1563 1411 1625 supremo
1430 1561 1554 1608 sensu
1571 1561 1727 1625 Ipsum
1745 1563 1972 1609 Divinum
1991 1561 2188 1609 Domini
2213 1563 2261 1609 &
2283 1562 2513 1613 Divinum

536 1628 818 1675 'Humanum
837 1628 994 1691 Ipsius,
1029 1628 1093 1674 est
1112 1629 1218 1689 quia
1241 1627 1394 1691 Ipsum
1418 1626 1646 1674 Divinum
1668 1628 1795 1691 quod
1812 1628 1952 1675 ‘Pater
1972 1641 2156 1675 vocatur
2178 1627 2243 1674 est
2267 1627 2311 1674 in
2336 1628 2514 1677 Divino

527 1693 769 1741 .Humano
790 1694 915 1756 quod
934 1692 1076 1740 Filius
1101 1693 1194 1740 Dei
1213 1692 1394 1747 dicitur,
1420 1689 1582 1739 mutuo
1604 1692 1654 1738 ὅτ
1677 1692 1887 1750 viciffim-²
1913 1692 2159 1743 secundum
2180 1692 2323 1754 Ipsius
2350 1693 2518 1742 Do'mi-

542 1758 592 1806 ni
630 1760 767 1806 verba
797 1758 920 1822 apud
962 1758 1222 1820 Johannem
1248 1757 1434 1817 “Jesus
1457 1756 1590 1812 dixit,
1623 1755 1870 1821 Philippe,
1891 1757 1972 1821 qui
2007 1757 2127 1805 vidit
2152 1761 2259 1813 'me,
2294 1757 2412 1805 vidit
2435 1759 2522 1807 Pa-

542 1837 676 1881 trem,
700 1825 866 1872 credite
883 1823 1007 1870 Mihi
1025 1823 1152 1887 quod
1165 1823 1334 1884 Egoin
1348 1823 1687 1869 Patre&Pater
1705 1823 1896 1870 in.Me’'
1918 1838 2087 1883 xiv29.
2119 1838 2194 1871 10.
2225 1840 2244 1871 1
2259 1840 2298 1871 1.
2324 1823 2438 1887 Cap.
2458 1840 2520 1872 xz:

542 1894 603 1953 38
627 1912 643 1945 ·‚
675 1891 799 1954 quod
824 1891 922 1937 haec
943 1889 1054 1937 unio
1077 1889 1131 1935 fit
1153 1889 1301 1952 ipsum
1313 1886 1597 1951 Conjugium
1608 1887 1853 1952 Divinum,
1876 1886 2161 1935 videaturn:
2183 1902 2270 1950 3²¹¹
2286 1906 2327 1937 1.
2350 1892 2514 1952 395'213

541 1956 696 2020 estque
721 1956 832 2004 unio
855 1956 928 2002 illa
953 1971 1044 2002 non
1066 1954 1358 2011 cohabitatio,
1395 1956 1468 2002 sed
1487 1969 1576 2017 per
1613 1953 2001 2002 cohabitationem
2041 1953 2087 2000 in
2127 1953 2248 2002 sensu
2272 1953 2416 2001 literae
2439 1970 2519 2018 ex-

540 2022 785 2085 primitur;
819 2037 923 2085 quae
953 2022 1076 2069 enim
1101 2037 1243 2069 unum
1276 2020 1393 2078 sunt,
1430 2020 1542 2069 ficut
1578 2019 1673 2068 duo
1701 2019 1908 2068 sistuntur
1950 2019 1995 2067 in
2022 2017 2158 2067 sensu
2193 2020 2351 2076 literae,
2385 2033 2524 2085 prout

540 2088 678 2135 etiam
702 2088 833 2138 Pater
854 2088 904 2134 ὅτ
924 2087 1082 2143 Filius,
1118 2087 1215 2134 imo
1249 2099 1299 2134 ut
1323 2098 1513 2143 treS,-ut
1548 2086 1698 2143 Pater,
1733 2085 1877 2133 Filius
1916 2085 2426 2148 &.:Spiritus.-San‘8tuS,
2464 2087 2517 2135 &

541 2153 632 2201 hoc
670 2155 734 2201 ob
770 2154 921 2218 plures
943 2154 1108 2210 causam,
1165 2153 1224 2200 de
1262 2153 1442 2216 quibus,
1492 2168 1550 2199 ex
1585 2151 1761 2200 Divina
1783 2152 1994 2211 ,Domini
2028 2151 2356 2214 Misericordia,
2392 2152 2519 2210 alibi.

543 2220 686 2285 Qod
730 2220 987 2267 cohabitare
1027 2220 1101 2267 seu
1143 2219 1424 2279 cohabitatio
1462 2218 1507 2266 in
1552 2217 1674 2266 sensu
1714 2218 1893 2265 interno
1931 2217 1985 2265 fit
2009 2216 2290 2279 conjugium
2305 2218 2516 2274 coeleste,

537 2284 654 2333 inde·
669 2287 748 2340 est,
784 2303 890 2333 nam
914 2300 970 2333 ex
994 2285 1225 2347 Conjugio
1245 2285 1442 2343 Divino,
1478 2284 1605 2349 quod
1629 2283 1823 2343 estjunio
1856 2284 2000 2332 Patris
2035 2284 2085 2331 ὅτ
2110 2284 2240 2339 Filii,¹
2271 2283 2344 2330 seu
2364 2283 2513 2347 :Ipsius

536 2351 916 2400 Divini'Domini
938 2368 1043 2399 cum
1064 2351 1244 2400 Divino
1261 2352 1483 2398 Humano
1499 2350 1660 2415 Ipsius,
1684 2350 1835 2398 existit
1856 2349 2137 2412 Conjugium
2155 2349 2364 2404 coeleste;
2390 2351 2518 2398 Con-

527 2415 711 2480 jugium
739 2418 934 2467 Coeleste
964 2418 1028 2465 est
1044 2417 1169 2482 quod
1190 2417 1426 2477 Regnum.
1445 2415 1638 2465 Domini
1674 2429 1902 2473 vocatur,
1937 2417 1987 2464 &
2010 2431 2194 2481 quoque
2214 2415 2429 2473 Coelum,
2465 2416 2521 2466 &t

526 2484 627 2540 ,hoc
648 2483 761 2547 quia-
778 2484 928 2532 existit
951 2500 975 2530 a
999 2481 1228 2547 Conjugio
1255 2482 1452 2538 Divino,
1471 2482 1614 2546 >quod
1637 2481 1700 2529 est
1722 2483 1951 2531 Dominus
1970 2502 1983 2535 ;
2020 2483 2108 2529 hoc
2132 2497 2250 2538 nunc
2271 2480 2351 2537 est,
2386 2482 2515 2545 quod

535 2549 584 2595 in
610 2550 732 2596 sensu
757 2550 934 2599 interno
951 2550 1226 2611 fignificatur-
1248 2564 1329 2612 per
1351 2548 1756 2606 cohabitationem,
1790 2549 2102 2612 indevquoque
2128 2547 2319 2597 Caelum.
2337 2559 2522 2595 vocatur

534 2614 863 2662 Habitaculum
890 2616 1002 2671 Dei,
1038 2629 1089 2663 ut
1110 2615 1233 2679 apud
1257 2614 1436 2662 Esaiam
1474 2623 1507 2644 “
1526 2614 1749 2678 Prospice'
1765 2613 1955 2673 amelia,
1980 2614 2159 2661 &vide
2185 2629 2248 2667 ex.
2264 2612 2523 2677 Habitaculo

520 2680 766 2740 sanctitatis
783 2691 884 2738 tuae,
908 2683 957 2729 ὅτ
978 2681 1138 2729 decoris
1155 2683 1244 2735 ταῖς
1267 2681 1346 2727 ubi
1369 2681 1497 2729 zelus
1520 2692 1639 2736 tuus,
1664 2681 1723 2726 ὅτ
1738 2681 1932 2734 {virtutes
1952 2692 2060 2736 tuae,
2095 2679 2352 2727 commotio
2370 2678 2516 2726 visce-

533 2761 632 2792 rum
654 2758 850 2801 tuorum‚
877 2748 926 2793 &
947 2747 1252 2794 miserationes
1271 2759 1362 2794 tuae
1383 2747 1437 2792 ad
1464 2762 1556 2801 me,
1582 2746 1625 2792 se
1652 2746 2014 2794 continuerunt”
2035 2762 2191 2792 Lxrrrz
2217 2760 2273 2802 15
2293 2765 2306 2796 3
2340 2741 2518 2789 habita-

534 2812 686 2856 culum
729 2811 967 2858 sanctitatis
990 2827 1074 2873 pro
1108 2812 1278 2872 Regno
1301 2811 1487 2858 Coelesti
1524 2813 1574 2859 ὅτ
1596 2811 1900 2858 habitaculum
1924 2811 2098 2857 decoris
2123 2824 2206 2871 pro
2234 2808 2400 2867 Regno
2425 2807 2517 2871 spi-

523 2876 707 2930 ,rituali3
734 2875 1035 2922 habitaculum
1057 2876 1119 2922 ibi
1144 2877 1206 2922 est
1229 2892 1285 2922 ex
1307 2878 1467 2922 eadem
1491 2892 1624 2932 voce,
1662 2891 1717 2922 ex
1740 2891 1828 2936 qua
1851 2876 1925 2921 hic
1947 2873 2200 2921 cohabitare
2224 2873 2274 2919 ὅτ
2296 2873 2514 2923 Sebulun.

534 2941 677 3005 Quod
701 2957 794 3003 quo
816 2941 1013 2995 habitare
1053 2942 1131 2988 seu
1162 2940 1440 2987 cohabitatio
1462 2940 1506 2986 in
1533 2941 1655 2987 sensu
1679 2953 1866 2999 externo
1891 2941 1943 2987 fit
1971 2955 2099 2987 amor
2127 2937 2411 3003 conjugialis,
2448 2939 2515 2987 est

529 3008 636 3073 quia
659 3007 809 3054 omnis
832 3007 1056 3069 genuinus
1078 3021 1207 3053 amor
1239 3002 1505 3068 conjugialis
1541 3022 1633 3052 non
1674 3005 1853 3052 aliunde
1889 3005 2039 3052 existit
2085 3020 2222 3068 quam
2262 3020 2319 3051 ex
2357 3003 2518 3065 conju-

526 3076 611 3137 gio
634 3072 802 3131 coel-esti
827 3072 952 3136 quod
983 3072 1047 3120 est
1081 3072 1187 3118 boni
1213 3074 1263 3120 &
1289 3072 1484 3126 veru&
1510 3070 1599 3117 hoc
1633 3087 1656 3117 a
1682 3070 1915 3133 Conjugio
1943 3070 2390 3133 Divino,<quod'est
2418 3067 2519 3118 Do-

529 3140 677 3189 minus
700 3141 848 3202 quoad
872 3138 1026 3203 Ipsum
1055 3138 1282 3187 Divinum
1309 3135 1452 3202 Ipsius
1477 3139 1522 3186 ὅτ
1547 3125 1776 3186 Divinum
1799 3138 2107 3194 Humanum}
2143 3136 2384 3185 videantur
2406 3151 2514 3248 quiae

547 3218 550 3220 ’
2486 3215 2514 3248 e
