2904 3750
617 189 964 254 CAPUT
1018 184 1578 252 VIGESIMUM
1629 188 2170 260 OCTAVUM.
2292 220 2425 279 441

422 331 644 381 :Ekualem
667 332 812 378 vitam
839 328 1061 376 contraxit
1095 328 1140 375 in
1175 325 1371 382 mundo,
1414 335 1582 381 manet,
1618 338 1671 371 ac
1706 322 1857 387 ipsum
1881 322 2142 387 jucundum
2179 327 2291 375 illud
2335 346 2427 376 ma-

421 397 577 447 nifeste
601 398 869 461 percipitur,
906 405 1181 458 quapropter
1219 408 1311 441 non
1347 389 1494 454 potest
1534 393 1580 437 in
1619 390 1768 452 aliqua
1801 389 2005 438 societate
2039 394 2209 440 coelesti
2245 395 2343 452 effe,
2384 399 2432 442 in

423 481 516 529 qua
549 463 851 526 unusquisque
885 461 980 507 aliis
1012 459 1173 505 melius
1206 457 1306 503 vult
1339 471 1479 518 quam
1517 456 1628 510 fibi;
1677 455 1749 502 sed
1783 457 1828 502 in
1869 457 2017 520 aliqua
2057 459 2260 508 societate
2298 460 2434 508 infer-

423 533 530 588 nali,
570 532 645 578 cui
676 528 821 576 simile
848 523 1144 590 jucundum:
1189 518 1289 569 h'Jaec
1325 534 1482 568 natura
1518 521 1583 568 est
1619 537 1727 584 quae
1765 521 2050 585 exstirpanda
2083 541 2191 572 cum
2232 528 2349 574 vivit
2387 530 2434 574 in

426 597 620 652 mundo,
656 593 783 657 quod
808 591 1030 655 nusquam
1054 589 1150 637 fieri
1176 588 1323 653 potest
1343 603 1483 652 quam
1509 603 1591 651 per
1625 589 2008 651 regenerationem
2041 606 2066 636 a
2089 591 2311 647 Domino,
2349 594 2434 641 hoc

425 663 506 721 est,
541 677 622 725 per
645 661 692 706 id
717 658 844 722 quod
871 656 1048 720 prorsus
1072 656 1203 703 aliam
1229 655 1515 702 voluntatem
1550 655 1600 702 ὅτ
1637 654 1775 702 alium
1814 656 1918 703 inde
1940 656 2220 720 intelleCmm
2256 661 2434 723 accipit,

374 746 381 750 ·
426 729 515 778 hoc
537 727 616 784 ess,
658 738 711 772 ut
733 723 981 777 novusrfiat
1005 723 1156 787 quoad
1190 736 1432 794 utramque
1466 721 1589 768 illam
1623 718 1881 769 facultatem
1908 741 1918 770 :
1959 736 2005 771 at
2039 723 2126 771 hoc
2151 724 2319 782 ut>fiat,
2357 727 2436 773 de-

426 798 505 843 bet
541 793 754 841 omnium
790 791 943 854 primo
977 787 1139 837 renasci
1176 802 1227 836 ut
1258 790 1418 843 inlanS,
1456 789 1505 835 &
1538 786 1704 834 discere
1739 789 1854 852 quid
1891 789 2066 837 malum
2094 791 2142 838 &
2170 789 2348 848 falsum,
2385 794 2434 839 δε

428 861 595 909 discere
618 858 732 923 quid
755 857 932 905 bonum
954 857 1003 903 &
1027 871 1209 912 verum,
1249 871 1354 903 nam
1377 854 1539 918 absque
1565 853 1741 901 scientia
1774 854 1847 902 seu
1882 858 2144 919 cognitione
2179 874 2271 905 non
2293 858 2439 921 potest

429 928 577 977 imbui
611 926 766 989 aliquo
792 923 932 980 bono,
968 938 1024 970 ex
1058 921 1100 969 se
1128 923 1253 969 enim
1287 921 1400 969 nihil
1434 920 1556 968 aliud
1578 937 1663 984 pro
1687 921 1810 969 bono
1842 922 2045 986 agnoscit
2067 939 2208 988 quam
2244 925 2437 982 malum,

429 995 479 1045 &
514 1010 599 1058 pro
621 1008 731 1039 vero
753 1006 894 1055 quam
918 987 1116 1045 falsum;
1153 989 1241 1036 hoc
1267 1001 1318 1036 ut
1342 988 1436 1045 fiat,
1473 989 1757 1050 cognitiones
1790 991 1831 1035 ei
1866 988 1975 1036 tales
2010 989 2310 1049 insinuantur,
2330 1008 2438 1055 quae

434 1077 527 1111 non
551 1059 652 1108 sunt
675 1056 854 1122 prorsus
888 1056 1124 1104 contrariae
1159 1055 1244 1102 illis
1280 1070 1392 1118 quas
1415 1056 1542 1118 prius
1563 1054 1790 1111 habuerat,
1827 1055 1939 1103 ficut
1962 1057 2087 1120 quod
2123 1060 2272 1106 omnis
2311 1074 2441 1105 amor

433 1128 620 1191 incipiat
649 1143 674 1173 a
697 1124 755 1181 se,
791 1124 919 1187 quod
954 1123 1036 1170 fibi
1070 1123 1274 1186 primum
1311 1121 1588 1169 studendum
1620 1121 1671 1169 ὅτ
1695 1121 1995 1185 postmodum
2030 1124 2141 1180 aliis,
2178 1126 2306 1187 quod
2341 1125 2439 1172 tali-

435 1195 538 1250 bus,
574 1193 653 1255 qui
689 1206 904 1254 pauperes
937 1190 988 1236 δε
1013 1187 1160 1236 miseri
1183 1201 1366 1235 externa
1386 1185 1536 1235 forma
1569 1200 1800 1252 apparent,
1835 1187 2228 1247 benefaciendum,
2269 1190 2441 1255 quales-

436 1274 619 1322 cunque
654 1259 775 1304 intus
798 1255 900 1312 fint,
936 1254 1137 1302 similiter
1160 1255 1288 1319 quod
1312 1253 1464 1302 viduis
1486 1255 1540 1302 &
1561 1254 1764 1318 pupillis,
1801 1255 1907 1318 quia
1939 1257 2000 1304 ita
2038 1259 2347 1314 nominantur,
2389 1259 2439 1304 &

435 1326 623 1376 tandem
646 1323 773 1388 quod
797 1322 992 1370 inimicis
1027 1322 1072 1368 in
1094 1335 1276 1385 genere,
1311 1322 1572 1386 quicunque
1595 1320 1697 1378 fint,
1732 1323 1866 1369 etiam
1889 1323 2015 1387 quod
2040 1324 2100 1372 fic
2126 1328 2283 1372 mereri
2308 1327 2441 1389 possit

438 1393 615 1441 coelum
635 1415 652 1447 ς
698 1389 773 1437 hae
808 1389 859 1437 &
899 1387 1062 1436 similes
1097 1389 1381 1453 cognitiones
1420 1387 1522 1435 sunt
1557 1386 1757 1435 infantiae
1795 1405 1931 1437 novae
1962 1391 2073 1438 vitae
2105 1389 2216 1455 ejus,
2259 1393 2307 1439 δι
2340 1392 2441 1438 sunt

437 1460 564 1516 tales,
598 1473 704 1523 quae
726 1456 833 1520 quia
865 1454 1036 1519 aliquid
1062 1455 1243 1503 trahunt
1281 1471 1338 1502 ex
1373 1455 1513 1520 priori
1537 1456 1629 1501 vita
1662 1454 1734 1502 seu
1775 1457 1936 1519 prioris
1959 1457 2070 1504 vitae
2094 1470 2266 1515 natura,
2306 1460 2441 1506 etiam

439 1525 611 1589 aliquid
633 1540 690 1572 ex
713 1538 834 1571 nova
855 1523 966 1579 vita,
1003 1522 1048 1569 in
1071 1538 1209 1585 quam
1250 1522 1310 1570 sic
1334 1521 1654 1578 introducitur,
1691 1522 1741 1569 &
1778 1522 1882 1569 inde
1918 1522 2019 1570 sunt
2050 1525 2157 1571 tales
2192 1538 2244 1572 ut
2277 1524 2444 1572 admit-

440 1605 539 1642 tant
577 1594 622 1639 in
664 1590 706 1638 se
739 1605 848 1654 quae
882 1587 1148 1636 conducunt
1187 1588 1245 1635 ad
1281 1604 1448 1636 novam
1473 1588 1757 1636 voluntatem
1781 1586 2072 1638 formandum
2096 1592 2143 1638 δι
2176 1591 2231 1637 ad
2269 1608 2444 1638 novum

438 1658 749 1709 intellee‘mm:
794 1655 893 1702 haec
914 1653 1016 1702 sunt
1037 1653 1156 1702 bona
1176 1657 1225 1701 δε
1250 1670 1356 1701 vera
1376 1653 1551 1710 infima,
1587 1670 1613 1700 a
1634 1654 1800 1717 quibus
1825 1655 2038 1703 inchoant
2062 1658 2127 1703 illi
2159 1659 2239 1720 qui
2265 1674 2448 1720 regene-

441 1738 611 1780 rantur,
647 1738 754 1787 quae
776 1721 882 1785 quia
912 1720 1163 1768 admittunt
1197 1721 1244 1767 in
1269 1719 1310 1767 se
1334 1723 1438 1768 vera
1475 1720 1685 1767 interiora
1720 1719 1792 1767 seu
1827 1723 2043 1785 propiora
2076 1724 2276 1780 Divinis,
2313 1726 2447 1771 etiarn

442 1807 523 1858 per
556 1790 631 1839 illa
668 1788 899 1853 exstirpari
927 1787 1110 1852 possunt
1144 1786 1266 1844 falsa,
1300 1803 1409 1852 quae
1440 1787 1567 1851 ‚prius
1601 1786 1854 1834 crediderat
1876 1804 1983 1835 vera
2017 1789 2127 1837 esse:
2170 1788 2242 1836 sed
2267 1792 2346 1853 qui
2381 1808 2449 1838 re-

447 1869 734 1923 generantur,
770 1871 861 1903 non
903 1853 1142 1902 addiscunt
1174 1854 1277 1902 talia
1315 1853 1438 1902 nude
1474 1853 1588 1902 ficut
1622 1854 1834 1911 scientiae,
1876 1853 1948 1902 sed
1985 1868 2038 1903 ut
2069 1856 2177 1913 vita,
2217 1873 2322 1904 narn
2347 1874 2452 1906 vera

452 1925 527 1973 illa
551 1921 771 1977 ‚faciunt3
807 1921 882 1968 sed
919 1921 1048 1984 quod
1086 1918 1254 1968 faciant
1287 1921 1380 1978 illa,
1415 1919 1477 1968 est
1509 1937 1567 1968 ex
1588 1922 1814 1986 principio
1849 1938 1985 1970 novae
2008 1923 2271 1980 voluntatis,
2313 1940 2453 1988 quam

447 1990 637 2038 insinuat
659 1988 908 2042 Dominus,
945 1986 1031 2033 illis
1054 1985 1233 2050 prorsus
1256 1987 1571 2045 nescientibus,
1613 1989 1662 2034 δε
1699 2000 1922 2052 quantum
1958 2005 2015 2036 ex
2038 2006 2157 2037 nova
2191 1990 2264 2037 illa
2287 1991 2454 2038 volun-

450 2069 539 2105 tate
578 2056 816 2119 recipiunt,
854 2063 1032 2100 tantum
1055 2068 1240 2116 quoque
1275 2069 1333 2100 ex
1367 2052 1454 2100 illis
1489 2054 1828 2117 cognitionibus
1851 2057 2091 2119 recipiunt,
2131 2072 2181 2103 ac
2217 2058 2262 2104 in
2298 2057 2452 2105 astum

454 2125 662 2179 mittunt,
698 2122 757 2168 &¹
789 2118 998 2175 credunt,
1036 2131 1082 2166 at
1120 2131 1344 2183 quantum
1385 2135 1479 2167 non
1519 2121 1743 2182 recipiunt
1781 2137 1808 2168 a
1846 2138 1964 2169 nova
2002 2123 2238 2170 voluntate
2275 2135 2453 2171 tantum

452 2189 643 2254 quidem
667 2185 833 2234 discere
870 2185 975 2232 talia
997 2185 1196 2248 poss‘unt,
1237 2184 1312 2232 sed
1348 2202 1440 2233 non
1477 2186 1522 2232 in
1553 2186 1707 2232 aetum
1732 2187 1927 2244 mittere,
1963 2191 2070 2251 quia
2101 2189 2282 2236 student
2315 2191 2456 2238 modo

453 2257 651 2305 scientiae
673 2269 766 2301 non
790 2253 930 2300 vitae:
979 2251 1054 2299 ille
1092 2251 1230 2299 status
1264 2250 1328 2299 est
1360 2249 1560 2300 infantiae
1593 2252 1643 2299 &
1678 2253 1870 2316 pueritia
1906 2254 2059 2316 quoad
2097 2271 2267 2302 novam
2293 2260 2454 2315 vitam,

454 2337 563 2386 quae
585 2320 828 2368 succeffura
858 2317 922 2365 est
945 2318 1048 2366 loco
1069 2319 1180 2367 vitae
1203 2319 1382 2383 prioris,
1424 2317 1497 2365 sed
1522 2317 1658 2366 status
1683 2318 1992 2366 adolescentiae
2017 2321 2066 2367 ὅτ
2084 2318 2336 2383 juventutis
2360 2323 2456 2387 ejus

457 2389 568 2436 vitae
589 2386 669 2443 est,
705 2385 831 2450 quod
864 2401 956 2431 non
981 2384 1216 2448 respiciant
1247 2385 1305 2432 ad
1328 2385 1525 2448 aliquam
1550 2384 1803 2448 personam,
1843 2385 1985 2448 qualis
2021 2387 2065 2433 in
2098 2385 2248 2434 forma
2279 2401 2459 2437 externa

458 2465 659 2519 apparet,
694 2451 771 2499 sed
809 2450 952 2514 qualis
989 2449 1054 2497 est
1091 2449 1245 2514 quoad
1282 2450 1477 2508 bonum,
1517 2453 1722 2514 primum
1763 2453 1809 2499 in
1845 2454 1941 2498 vita
1971 2452 2112 2509 civili,
2148 2453 2253 2501 dein
2292 2455 2337 2501 in
2366 2457 2461 2503 vita

459 2519 637 2576 morali,
674 2518 722 2566 ὅτ
747 2517 931 2564 tandem
966 2517 1013 2563 in
1036 2517 1131 2564 vita
1168 2516 1400 2581 spirituali,
1441 2519 1491 2564 δε
1516 2517 1690 2565 bonum
1731 2518 1795 2565 est
1832 2518 1959 2581 quod
1996 2519 2138 2566 homo
2172 2532 2282 2567 tunc
2319 2523 2459 2585 priori

460 2587 564 2638 loco
601 2586 763 2648 incipit
795 2583 953 2630 habere
977 2584 1025 2630 &
1047 2599 1211 2640 amare,
1250 2584 1298 2630 δε
1322 2599 1379 2630 ex
1402 2583 1524 2631 bono
1559 2583 1824 2647 personam,
1870 2587 1919 2632 δι’
1953 2586 2136 2633 tandem
2170 2603 2278 2634 cum
2312 2588 2461 2635 adhuc

463 2654 611 2717 magis
635 2651 885 2716 perficitur,
927 2649 1013 2696 illis
1045 2651 1123 2714 qui
1158 2651 1204 2696 in
1229 2649 1351 2697 bono
1375 2649 1494 2707 sunt,
1534 2650 1684 2698 studet
1706 2648 1962 2699 benefacere
2001 2653 2050 2699 δε
2088 2652 2179 2700 hoc
2213 2652 2461 2702 secundum

461 2719 573 2767 boni
607 2717 738 2782 quale
771 2716 893 2781 apud
917 2716 1033 2772 illos,
1076 2718 1124 2764 δε
1149 2717 1333 2764 tandem
1355 2715 1619 2780 jucundum
1648 2718 1901 2782 appercipit
1929 2719 1973 2765 in
2007 2717 2325 2767 benefaciendo
2358 2722 2463 2778 illis,

466 2787 573 2850 quia
607 2783 862 2845 iucundum
903 2785 949 2829 in
989 2782 1130 2839 bono,
1175 2786 1311 2830 etiam
1355 2799 1587 2831 amaenum
1624 2785 1670 2830 in
1705 2783 1790 2830 illis
1827 2800 1934 2847 quae
1963 2785 2252 2842 confirmant,
2300 2788 2466 2834 confir*

408 2879 416 2882 >
467 2853 636 2899 mantia
659 2851 733 2899 illa
757 2849 958 2913 agnoscit
982 2865 1066 2922 pro
1089 2850 1223 2905 veris,
1260 2851 1309 2896 δε
1335 2866 1520 2913 quoque
1542 2865 1646 2897 vera
1669 2851 1777 2897 novi
1801 2848 1896 2911 ejus
1930 2851 2178 2898 intellectus
2211 2851 2327 2909 sunt,
2361 2870 2469 2916 quae

467 2917 619 2966 fluunt
649 2934 707 2965 ex
730 2917 859 2965 bonis
883 2932 990 2979 quae
1011 2932 1106 2979 ejus
1130 2931 1265 2964 novae
1287 2917 1562 2964 voluntatis:
1603 2917 1649 2964 in
1671 2916 1803 2964 simili
1827 2917 1989 2980 gradu,
2018 2920 2061 2965 in
2086 2934 2181 2981 quo
2208 2916 2465 2980 jucundum

471 2983 519 3030 in
554 2982 789 3041 bono‘illo
821 2984 1087 3046 appercipit,
1130 2984 1178 3030 &
1218 2997 1443 3030 arnaenam
1480 2984 1542 3034 in⁴
1570 2986 1686 3030 veris
1726 2983 1830 3039 illis,
1878 2986 2014 3030 etiam
2052 2986 2097 3031 in
2126 2983 2468 3045 jucundum'in

474 3048 600 3108 malis
623 3050 790 3112 prioris.
806 3051 934 3106 vitae,
971 3051 1020 3096 δι
1055 3049 1332 3096 inamaenum
1359 3052 1404 3098 in
1428 3048 1544 3096 falsis
1568 3049 1703 3106 illius,
1738 3051 1870 3097 sentit
1887 3073 1903 3105 ·‚
1947 3051 2051 3096 inde
2076 3067 2196 3097 nunc
2220 3050 2471 3113 separantur

475 3113 550 3160 illa
571 3125 677 3176 quae
731 3115 858 3168 rioris
881 3115 1127 3162 voluntatis
1150 3114 1268 3171 sunt,
1310 3117 1360 3162 &
1383 3131 1490 3179 quae
1524 3117 1685 3178 prioris
1719 3116 1967 3163 intellectus
2003 3115 2120 3172 sunt,
2160 3116 2215 3162 ab
2249 3117 2334 3162 illis
2366 3132 2472 3178 quae

475 3180 585 3227 novi
608 3130 880 3237 intellefitus,
920 3182 970 3228 &
994 3180 1080 3228 hoc
1106 3197 1198 3228 non
1224 3180 1473 3229 secundum
1508 3180 1793 3228 affeffionem
1817 3181 1983 3228 sciendi
2006 3182 2095 3240 illa,
2128 3182 2198 3229 sed
2225 3181 2472 3229 secundum

1473 3245 1517 3292 K
1541 3243 1574 3292 k
1595 3244 1628 3292 k
2196 3246 2477 3297 affeftionem
