2904 3750
940 168 1275 234 ,CAPUT
1322 148 1967 231 TRIGESIMUM.
2299 168 2438 256 619

456 290 711 346 Ietstualem,
743 287 965 336 &lumen
986 287 1147 335 mundi
1170 280 1316 335 visum
1350 287 1627 334 naturalem:
1661 298 1708 333 at
1728 288 1966 348 quomodo
2000 285 2042 333 se
2066 284 2247 342 habent,
2283 287 2436 350 paucis

454 357 596 420 usque
622 353 868 402 dicendum
898 351 996 407 est;
1030 353 1155 416 apud
1175 353 1416 400 hominem
1449 369 1542 400 non
1578 353 1711 399 datur
1741 353 1914 399 bonum
1938 368 2122 416 purum,
2156 352 2230 400 seu
2256 352 2429 402 bonum

451 437 559 470 cum
580 435 675 484 quo
697 435 788 468 non
813 418 1013 466 mixtum
1037 419 1102 467 est
1125 418 1316 473 malum,
1354 433 1437 464 nec
1458 433 1618 465 verum
1657 433 1841 482 purum,
1876 418 1949 464 seu
1988 434 2150 465 verum
2188 433 2293 483 curn
2334 433 2430 479 quo

451 486 545 546 non
564 485 763 543 mixtum
786 485 837 532 ὅτ
860 483 1019 532 falsum
1040 505 1055 539 ;
1090 483 1397 532 voluntarium
1420 483 1545 530 enim
1570 483 1769 530 hominis
1786 498 1874 529 non
1899 483 1963 530 est
1986 484 2064 530 nifi
2082 499 2217 546 quarn
2238 483 2429 539 malum,

450 568 479 600 e
501 567 595 615 quo
615 551 832 600 continue
854 551 903 597 in
926 548 1224 597 intellthuale
1245 548 1341 610 ejus
1363 548 1515 595 influit
1548 547 1722 604 falsum,
1759 564 1864 595 nam
1900 548 2010 595 ficut
2047 563 2209 596 notum
2231 549 2309 605 est,
2346 549 2429 595 ho-

452 633 535 665 mo
556 616 837 665 haereditario
860 616 1007 663 secum
1032 613 1168 661 trahit
1184 615 1354 662 malum
1379 613 1608 661 succeffive
1630 631 1659 662 a
1679 614 1934 678 parentibus
1954 614 2234 661 cumulatum
2258 631 2314 661 ex
2338 614 2426 661 hoc

448 682 545 756 ipse
566 682 795 731 adtualiter
816 679 1023 744 producit
1048 679 1221 728 malum
1245 680 1296 726 ὅτ
1318 678 1426 726 facit
1463 679 1611 735 suum,
1647 680 1696 726 &
1715 681 1863 727 adhuc
1885 680 2056 727 malum
2094 696 2121 726 a
2145 681 2186 726 se
2221 680 2426 743 superad-

448 749 549 803 d1t;
585 748 659 795 sed
684 747 800 795 mala
822 746 944 809 apud
967 746 1205 793 hominem
1227 745 1331 792 sunt
1351 744 1464 791 varii
1486 745 1680 806 generis,
1714 746 1814 794 sunt
1838 745 1958 793 mala
1978 761 2085 791 cum
2107 745 2271 808 quibus
2306 746 2425 792 bona

449 827 544 860 non
573 812 750 862 misceri
775 812 976 876 possunt,
1012 811 1062 858 &
1089 810 1192 858 sunt
1213 811 1331 859 mala
1359 826 1466 860 ⁴cum
1489 812 1652 873 quibus
1675 811 1889 874 poffunt3
1923 810 2130 858 similiter
2165 810 2304 864 falsa;
2340 811 2422 858 nifi

447 878 540 926 hoc
560 878 693 935 foret,
728 876 948 942 nusquam
985 875 1146 939 aliquis
1183 876 1330 923 homo
1369 875 1585 938 potuisset
1619 876 1901 939 regenerari3
1937 875 2052 923 mala
2087 875 2138 922 &
2161 875 2280 931 salsa,
2315 892 2421 923 cum

439 943 614 1010 'quibus
654 959 747 991 non
782 941 952 990 misceri
977 941 1160 1004 pofl'unt
1178 941 1298 988 bona
1317 941 1368 988 ὅτ
1390 957 1513 997 vera,
1548 940 1648 988 sunt
1669 956 1776 1003 quae
1807 941 2027 989 contraria
2062 940 2165 988 sunt
2203 941 2346 988 amori
2374 941 2422 988 in

446 1011 624 1066 Deum,
658 1009 709 1055 ὅτ
730 1009 874 1055 amori
899 1022 1003 1068 erga
1024 1006 1311 1069 proximum,
1344 1005 1453 1054 ficut
1486 1006 1587 1054 sunt
1609 1005 1732 1063 odia,
1768 1007 2004 1064 vindictae,
2038 1006 2334 1063 crudelitates,
2369 1008 2421 1053 ὅτ

446 1074 556 1130 inde
577 1085 835 1121 contemtus
879 1072 1074 1120 aliorum
1105 1087 1202 1135 prae
1234 1072 1313 1126 se;
1363 1084 1462 1119 turn
1501 1087 1688 1136 quoque
1724 1073 1831 1119 inde
1869 1072 2169 1136 persuasiones
2206 1073 2338 1127 falfi3
2372 1086 2420 1119 at

439 1139 562 1188 mala
600 1139 651 1186 ὅτ
684 1138 791 1186 falsa
817 1153 925 1185 cum
962 1137 1127 1201 quibus
1162 1136 1339 1185 misceri
1383 1137 1568 1200 poss'unt
1601 1138 1720 1184 bona
1762 1138 1815 1185 ὅτ
1856 1153 1981 1194 vera,
2038 1138 2139 1185 sunt
2178 1153 2284 1200 quae
2325 1153 2421 1185 non

442 1204 666 1253 contraria
688 1204 790 1252 sunt
811 1201 955 1251 amori
979 1203 1025 1250 in
1049 1203 1212 1250 Deum
1235 1203 1285 1250 ὅτ
1307 1202 1450 1249 amori
1474 1218 1581 1266 erga
1604 1203 1868 1267 proximum
1891 1221 1904 1250 :
1939 1214 1990 1261 ut
2018 1219 2106 1266 pro
2128 1204 2359 1266 exemplo,
2385 1202 2417 1249 fi

441 1270 544 1334 quis
576 1281 700 1320 amat
736 1269 781 1317 se
813 1284 909 1332 prae
946 1268 1060 1323 aliis,
1097 1267 1148 1315 ὅτ
1186 1284 1246 1316 ex
1282 1268 1362 1316 illo
1383 1283 1539 1315 amore
1561 1268 1710 1316 studet
1730 1268 1944 1316 excellere
1965 1267 2062 1316 aliis
2084 1269 2130 1315 in
2154 1268 2249 1316 vita
2274 1285 2417 1315 mora-

439 1335 475 1390 li
505 1337 557 1384 ὅτ
593 1335 736 1391 civili,
784 1335 831 1383 in
865 1333 1117 1385 scientificis
1149 1334 1201 1381 ὅτ
1235 1333 1572 1391 ἀοᾶτὶηείὶὺυε,
1608 1336 1659 1383 ὅτ
1680 1335 1737 1382 ad
1759 1334 2006 1397 dignitates
2045 1334 2195 1392 evehi,
2232 1336 2282 1383 ὅτ
2303 1351 2419 1398 quo-

440 1412 533 1466 que
570 1402 628 1450 ad
661 1416 771 1466 opes
815 1415 913 1464 prae
962 1398 1088 1456 aliis,
1122 1400 1175 1447 ὅτ
1213 1410 1367 1459 tamen
1406 1400 1607 1462 agnoscit
1647 1402 1696 1448 ὅτ
1733 1400 1892 1448 adorat
1932 1402 2105 1457 Deum,
2158 1400 2325 1448 Officia
2359 1415 2418 1447 ex

440 1466 580 1514 corde
600 1466 783 1531 praestat
820 1465 1052 1530 proximo,
1089 1480 1139 1512 ac
1170 1463 1348 1529 justum
1385 1467 1437 1514 &
1471 1482 1661 1529 aequum
1698 1481 1759 1513 ex
1795 1465 2058 1514 conscientia
2086 1466 2197 1529 agit,
2239 1466 2415 1515 malum

356 1554 358 1556 ’
438 1531 562 1581 illius
599 1532 766 1581 amoris
805 1531 867 1580 sui
911 1531 977 1579 est
1013 1546 1120 1580 cum
1155 1547 1252 1595 quo
1292 1532 1470 1580 bonum
1513 1533 1564 1580 ὅτ
1601 1547 1760 1580 verum
1801 1531 1974 1579 misceri
2012 1531 2229 1595 poffunt3
2264 1532 2329 1579 est
2369 1548 2416 1580 e-

439 1598 541 1647 nim
583 1598 757 1651 malum
797 1597 927 1662 quod
980 1596 1219 1661 proprium
1255 1597 1320 1644 est
1357 1597 1577 1653 hominis,
1627 1598 1679 1645 ὅτ
1710 1598 1838 1661 quod
1881 1597 2166 1646 haereditario
2202 1597 2413 1654 nascitur,

437 1663 564 1727 quod
588 1664 620 1710 fi
645 1664 687 1711 ei
709 1664 803 1712 cito
823 1661 1087 1718 auferretur,
1122 1661 1240 1710 foret
1278 1663 1438 1725 ignem
1470 1662 1581 1710 vitae
1603 1661 1695 1725 ejus
1718 1662 1885 1725 primae
1908 1663 2195 1726 exstinguere
2216 1685 2230 1718 3
2264 1676 2310 1711 at
2330 1659 2413 1728 qui

434 1741 559 1779 amat
580 1729 624 1777 se
645 1744 742 1793 prae
762 1729 874 1784 aliis,
911 1729 1042 1787 &ex
1065 1727 1147 1774 illo
1167 1743 1326 1776 amore
1359 1728 1615 1776 contemnit
1650 1728 1761 1776 alios
1784 1743 1881 1791 prae
1920 1728 1981 1783 se,
2015 1730 2127 1776 odio
2165 1730 2301 1778 habet
2333 1730 2415 1792 qui

417 1810 532 1849 ,non
570 1795 816 1849 honorant,
849 1795 901 1842 &
936 1793 1060 1856 quasi
1078 1792 1278 1847 adorant,
1311 1793 1363 1840 &
1378 1792 1638 1856 jucundum
1661 1793 1756 1840 odii
1782 1795 1829 1840 in
1852 1794 2053 1841 vindiCta
2075 1795 2127 1842 ὅτ
2146 1794 2416 1842 crudelitate

435 1871 675 1923 propterea
696 1858 847 1915 sentit,
882 1858 979 1907 talis
1001 1857 1169 1905 amoris
1191 1857 1369 1906 malum
1391 1857 1456 1904 est
1475 1873 1584 1906 cum
1605 1873 1701 1920 quo
1736 1859 1911 1907 bonum
1945 1861 1997 1907 &
2035 1875 2193 1907 verum
2234 1860 2412 1908 misceri

438 1941 533 1973 non
549 1924 749 1988 pofl‘unt,
770 1935 876 1972 nam
894 1924 996 1972 sunt
1017 1922 1261 1970 contraria:
1285 1922 1340 1970 fit
1360 1938 1545 1987 quoque
1562 1939 1648 1987 pro
1664 1925 1896 1988 exemplo,
1921 1923 1953 1971 fi
1976 1924 2078 1989 quis
2100 1926 2244 1973 credit
2267 1926 2309 1973 se
2330 1943 2413 1990 pu-

437 2007 543 2039 rum
564 1990 649 2037 effe
667 2006 692 2037 a
712 1990 921 2055 peccatis,
943 1989 995 2036 ὅτ
1017 1989 1078 2036 ita
1100 1988 1364 2044 abstersum,
1389 1989 1499 2036 ficut
1530 1989 1612 2051 qui
1635 2004 1717 2052 per
1748 2005 1882 2052 aquas
1910 1990 2108 2038 abluitur
2135 2008 2159 2038 a
2190 1991 2412 2048 sordibus,

434 2071 542 2103 cum
562 2056 696 2103 semel
717 2054 1029 2120 paenitentiam
1046 2054 1168 2115 egit,
1192 2053 1550 2117 &paenitentiali
1571 2054 1784 2118 impolita
1797 2054 2005 2113 absolvit,
2028 2069 2104 2104 aut
2119 2058 2218 2120 post
2235 2057 2411 2105 conses-

436 2123 609 2170 fionern
629 2122 913 2169 enuntiatum
935 2120 1021 2166 tale
1037 2137 1063 2167 a
1079 2119 1328 2167 confeffore
1350 2119 1543 2174 audivit,
1579 2135 1656 2168 aut
1677 2121 1921 2183 postquam
1938 2121 2103 2171 sacram
2124 2139 2299 2170 caenam
2324 2123 2411 2170 sre-

433 2186 688 2250 quentavit,
712 2187 749 2234 is
766 2186 799 2233 fi
814 2202 984 2234 novam
999 2185 1145 2233 vitam
1172 2185 1309 2241 vivit,
1346 2185 1394 2233 in
1422 2185 1659 2233 affectione
1683 2187 1792 2233 boni
1814 2188 1866 2234 ὅτ
1899 2188 2013 2244 veri,
2043 2188 2158 2235 illud
2177 2189 2335 2238 falsum
2358 2192 2410 2237 &

432 2269 539 2300 cum
555 2268 649 2315 quo
671 2252 848 2301 bonum
871 2251 1173 2301 mixtumeffe
1189 2250 1338 2315 potest
1350 2272 1364 2306 ς
1378 2263 1426 2299 at
1440 2251 1475 2298 fi
1487 2253 1607 2299 vivit
1619 2254 1762 2299 vitam
1778 2254 1920 2300 carnis
1935 2253 1985 2300 ὅτ
2001 2255 2181 2310 mundi,
2203 2268 2251 2301 ut
2266 2256 2414 2318 pritis,

432 2330 542 2366 tunc
554 2317 619 2366 est
631 2318 797 2377 falsum
811 2334 921 2366 cum
937 2333 1034 2381 quo
1046 2318 1222 2366 bonum
1239 2316 1414 2366 misceri
1431 2319 1607 2382 nequit.
1646 2317 1804 2375 Porro,
1821 2319 1896 2381 qui
1910 2319 2055 2366 credit
2075 2319 2228 2367 salvari
2252 2320 2417 2367 homi·

434 2399 543 2432 nem
565 2398 623 2430 ex
644 2384 755 2432 bene
774 2385 970 2442 credere,
1005 2384 1057 2432 ὅτ
1078 2398 1171 2430 non
1194 2399 1253 2430 ex
1275 2383 1390 2431 bene
1411 2384 1548 2439 velle,
1584 2384 1634 2430 ὅτ
1658 2397 1808 2432 tamen
1833 2386 1947 2432 bene
1969 2385 2069 2432 vult
2091 2387 2141 2433 ὅτ
2165 2387 2270 2432 inde
2295 2388 2417 2434 benev

432 2449 557 2506 facit,
592 2449 637 2496 id
663 2448 823 2497 falsum
863 2449 944 2504 est,
977 2447 1050 2496 cui
1080 2447 1265 2512 adjungi
1301 2448 1450 2511 potest
1482 2449 1653 2496 bonum
1697 2450 1750 2497 ὅτ
1771 2465 1926 2498 verum
1950 2466 2041 2497 non
2065 2450 2215 2500 autem
2256 2451 2289 2498 s1
2313 2469 2406 2500 non

434 2515 549 2562 bene
570 2514 688 2571 vult,
722 2516 773 2563 ὅτ
795 2515 900 2562 inde
923 2514 1039 2561 bene
1074 2513 1202 2562 facit:
1240 2515 1390 2572 Tum,
1442 2514 1474 2561 fi
1508 2515 1612 2579 quis
1649 2514 1845 2577 ignorat,
1878 2516 2005 2578 quod
2041 2518 2227 2580 resurgit
2262 2517 2415 2566 homo·

431 2579 536 2643 post
566 2587 786 2637 mortem,
821 2582 872 2628 &
906 2579 1011 2628 inde
1042 2595 1136 2628 non
1168 2579 1313 2628 credit
1346 2579 1734 2635 resurreetionem‚
1772 2590 1830 2629 ut'
1851 2583 1902 2630 ὅτ
1935 2582 2189 2645 quinovit,
2225 2583 2299 2630 sed
2335 2585 2404 2631 us-

428 2660 523 2713 que
543 2645 740 2703 dubitat,
776 2646 826 2694 ὅτ
849 2660 980 2709 paene
1017 2652 1171 2708 negat,
1205 2646 1256 2694 ὅτ
1279 2654 1431 2693 tamen
1461 2645 1506 2692 in
1530 2661 1642 2692 vero
1661 2648 1713 2694 &
1737 2646 1859 2694 bono
1876 2646 2014 2704 vivit,
2047 2664 2157 2696 cum
2193 2648 2272 2695 illo
2294 2648 2405 2697 falso

429 2723 570 2765 etiam
600 2710 774 2758 misceri
797 2710 942 2774 potest
965 2711 1138 2758 bonum
1169 2712 1220 2758 ὅτ
1243 2726 1437 2765 verum3
1470 2723 1517 2757 at
1537 2711 1616 2772 qui
1654 2710 1701 2758 in
1736 2711 1846 2760 falso
1877 2713 1929 2760 ὅτ
1965 2714 2087 2760 malo
2125 2713 2258 2770 vivit,
2296 2727 2411 2764 tunc

428 2791 539 2824 cum
562 2774 672 2823 falso
693 2777 776 2824 illo
810 2792 900 2823 non
925 2775 1100 2824 misceri
1130 2776 1298 2840 potest,
1332 2776 1441 2840 quia
1469 2777 1687 2824 contraria
1710 2776 1830 2834 sunt,
1865 2778 1914 2824 &
1938 2778 2101 2827 falsum
2120 2776 2305 2827 destruit
2328 2798 2405 2828 ve·

430 2847 552 2896 nim,
586 2842 636 2891 ὅτ
661 2842 835 2892 malum
857 2841 1045 2893 destruit
1072 2843 1269 2890 bonum:
1305 2841 1495 2901 Adhuc,
1533 2841 1759 2890 simulatio
1781 2844 1832 2891 &
1854 2844 2031 2902 astutia,
2066 2862 2174 2909 quae
2195 2840 2283 2908 pro
2315 2847 2404 2894 sine

432 2905 568 2953 habet
591 2906 783 2963 bonum,
818 2907 908 2956 five
937 2907 1156 2971 proximi,
1191 2907 1286 2954 five
1318 2907 1495 2970 patiiae,
1530 2907 1622 2955 five
1646 2908 1883 2966 Ecclefiae,
1915 2911 1979 2958 est
2010 2912 2247 2974 prudentia
2285 2914 2407 2959 mala

428 2985 537 3031 quae
575 2970 615 3016 ei
655 2972 857 3022 admixta
895 2971 1015 3029 sunt,
1067 2972 1243 3023 misceri
1283 2972 1468 3037 pofi‘unt
1497 2989 1606 3023 cum
1636 2975 1778 3032 bone,
1813 2991 1871 3022 ex
1910 2976 2002 3023 fine
2039 2979 2091 3024 ὅτ
2122 2989 2306 3039 propter
2348 2978 2403 3024 fi-

429 3051 567 3082 nem:
602 3046 648 3082 at
669 3036 896 3086 simulatio
918 3037 1313 3104 &'astutia,'quae
1346 3054 1435 3102 pro
1467 3039 1563 3088 fine
1597 3039 1946 3097 habetmalum,
1991 3058 2082 3089 non
2110 3042 2177 3089 est
2204 3045 2403 3104 pruden-

425 3100 516 3167 με,
546 3099 620 3153 sed
646 3100 711 3148 est
742 3101 858 3150 astus
888 3101 939 3150 ὅτ
966 3102 1119 3162 dolus,
1140 3119 1250 3153 cum
1264 3104 1353 3154 hoc
1364 3103 1553 3217 1bonum
1577 3105 1828 3155 nullatenus
1849 3106 1999 3171 potest
2021 3102 2259 3171 conjungi,
2293 3126 2407 3157 nam

1413 3184 1429 3215 ι
1451 3183 1463 3214 ι
1488 3169 1506 3216 i
1541 3184 1567 3216 z
2251 3174 2412 3234 dolus,
