2872 3730
584 233 1537 317 CAPUTVIGESIMUM
1586 232 2111 319 QUINTUM.
2266 253 2394 331 233

411 378 475 427 ibi
494 378 631 427 etiam
655 375 805 442 agitur
833 375 890 423 de
912 372 1154 420 vastatione
1177 371 1392 419 Ecclesiae
1415 369 1666 435 spiritualis,
1702 384 1752 416 ac
1782 369 1898 415 inter
1929 367 2077 430 plures
2114 370 2404 417 nominantur

412 448 594 494 Thema
615 450 659 493 &
689 443 872 497 Arabia,
908 438 1011 486 inde
1048 450 1171 501 patet
1200 437 1327 501 quod
1360 454 1441 501 per
1463 437 1713 492 Themam,
1749 434 1862 482 ficut
1893 450 1975 497 per
1999 434 2231 489 Arabiam,
2267 436 2404 498 figni-

415 513 607 560 ficentur
631 511 695 557 illi
725 509 805 572 qui
838 506 894 553 ab
920 504 1115 551 Ecclesia
1147 503 1360 568 spirituali
1393 502 1528 558 sunt·;
1564 502 1637 548 sed
1662 502 1848 548 Arabiae
1872 501 2134 547 tribuuntur
2157 516 2280 562 reges
2305 515 2406 547 turn

416 578 567 633 urbeS,
601 588 646 622 at
666 574 835 621 Kedari
858 572 1097 634 principes
1133 572 1182 618 &
1221 570 1358 617 villae.
1428 570 1601 616 Praeter
1639 568 1739 615 illos
1775 568 1912 613 etiam
1939 568 2099 613 Duma
2131 581 2409 613 memoratur

415 643 540 706 apud
563 630 758 695 Esaiam,
793 639 915 701 Cap:
944 653 1030 684 xxt
1054 655 1064 684 :
1098 655 1116 686 1
1133 655 1170 685 1.
1201 654 1272 686 12.
1310 636 1456 698 Quod
1480 651 1560 699 per
1581 647 1737 699 gentes
1760 633 1854 680 illas
1877 632 2186 696 significentur
2210 632 2284 677 illa
2305 648 2410 695 quae

419 709 522 756 sunt
561 705 775 753 Ecclefiae
813 703 1080 767 Spiritualis,
1117 703 1221 750 inde
1258 702 1338 760 est,
1366 702 1481 766 zq'uia
1519 703 1727 764 Antiqua
1761 699 1975 755 Ecclefia,
2019 714 2125 762 quae
2161 699 2412 761 Spiritualis

419 785 529 829 erat,
563 773 701 819 etiam
733 771 855 834 apud
889 770 988 817 illos
1021 768 1124 826 fuit,
1160 787 1220 819 n:
1251 787 1305 819 12
1315 774 1390 833 38.
1417 773 1563 832 2385,
1600 767 1674 814 sed
1707 767 1969 814 doctrinalia
1998 766 2180 812 illorum
2207 766 2254 811 &
2281 768 2414 811 ritua-

419 839 479 887 lia
500 841 620 886 varia
641 837 840 894 fuerunt,
875 849 918 883 at
943 835 1081 900 usque
1104 853 1193 883 una
1214 836 1428 892 Ecclesia,
1463 837 1571 897 quia
1594 851 1686 881 non
1707 833 1849 880 fidem
1875 832 1949 880 sed
1979 832 2238 879 charitatem
2277 832 2415 877 effen-

420 904 574 954 tialem
605 903 805 951 fecerunt
825 925 838 959 ;
876 915 922 950 at
945 903 1160 966 temporis
1183 902 1344 960 112610,
1380 902 1494 949 ficut
1515 902 1701 949 charitas
1718 899 1862 956 desiit,
1897 901 2035 946 etiam
2053 898 2167 946 illud
2184 898 2416 952 Ecclesiae,

423 970 551 1035 quod
583 971 705 1035 apud
744 969 860 1026 illos,
897 969 1077 1016 nullum
1117 967 1287 1016 faCtum
1318 967 1398 1025 est,
1434 967 1573 1031 usque
1611 980 1762 1014 tamen
1803 965 1965 1013 mansit
2003 963 2419 1028 repraesentativum

424 1037 640 1085 Ecclesve
664 1052 744 1101 per
767 1036 884 1093 illos,
919 1052 1028 1084 cum
1051 1037 1260 1083 varietate
1285 1034 1532 1082 secundum
1566 1033 1680 1081 illud
1704 1032 1918 1081 Ecclefiae
1953 1031 2080 1095 quod
2119 1028 2263 1078 fuerat
2297 1029 2429 1093 apud.

425 1104 563 1159 i·llos;
599 1105 704 1152 inde
741 1101 822 1159 est,
856 1102 936 1149 ubi
977 1103 1268 1149 nominantur
1303 1103 1351 1149 in
1376 1101 1546 1157 Verbo,
1581 1099 1708 1164 quod
1747 1116 1837 1147 non
1875 1098 2181 1162 significentur
2221 1097 2303 1153 illi,
2347 1095 2423 1143 sed

429 1170 704 1232 significetur
728 1169 871 1216 modo
894 1168 1008 1215 illud
1030 1169 1245 1215 Ecclesiae
1263 1169 1309 1215 in
1333 1168 1572 1215 communi
1596 1167 1722 1230 quod
1746 1165 1887 1213 fuerat
1906 1167 1982 1212 ibi.

504 1237 642 1300 3269.
695 1237 766 1283 Hi
805 1235 871 1281 illi
910 1235 991 1280 filii
1029 1234 1324 1295 Jischmaelis,
1377 1236 1424 1281 ὃς
1464 1233 1537 1281 illa
1569 1235 1754 1280 nomina
1785 1233 1988 1287 illorum,
2041 1230 2168 1294 quod
2202 1229 2424 1294 significet

425 1301 696 1352 doctrinalia
718 1303 766 1349 &
790 1301 919 1363 quale
941 1317 1119 1357 eorum,
1155 1300 1325 1348 constat
1357 1316 1413 1347 ex
1446 1300 1768 1363 significatione
1792 1299 2009 1354 filiorum,
2044 1298 2173 1360 quod
2197 1298 2281 1347 sint
2304 1313 2424 1352 vera,

434 1381 537 1415 tum
567 1367 844 1423 doctrinalia,
877 1368 927 1413 δε
953 1368 1166 1423 1100111113,
1202 1367 1330 1429 quod
1356 1367 1408 1414 fit
1431 1366 1578 1429 quale,
1596 1366 1670 1421 ¹de
1692 1364 1857 1428 quibus
1881 1365 2011 1428 supra
2035 1380 2064 1410 n
2084 1382 2094 1411 :
2118 1365 2257 1427 3266.

507 1450 648 1498 3270.
685 1435 737 1480 In
763 1433 879 1480 villis
904 1434 1105 1490 illorum,
1139 1433 1266 1496 quod
1290 1433 1511 1497 significet
1550 1443 1735 1479 externa·
1752 1431 1989 1486 Ecclesiae,
2020 1431 2189 1477 constat
2212 1446 2235 1475 a
2259 1429 2429 1492 fignifi-

437 1504 613 1547 catione
636 1501 864 1555 villarum,
896 1499 1026 1562 vquod
1049 1501 1134 1546 sint
1169 1500 1244 1546 illa
1266 1516 1372 1562 quae
1395 1499 1496 1545 sunt
1516 1512 1700 1545 externa
1723 1498 1845 1554 fidei,
1882 1499 1942 1544 ita
1966 1497 2180 1543 Ecclefiae
2199 1519 2212 1552 ·‚
2249 1510 2433 1542 externa

436 1563 652 1613 Ecclesia}
674 1565 775 1612 sunt
799 1565 989 1620 ritualia,
1026 1567 1198 1611 interna
1231 1565 1332 1611 sunt
1356 1565 1616 1611 doctrinalia
1636 1579 1745 1609 cum
1771 1564 1869 1610 hztc
1892 1580 1981 1610 non
2008 1563 2200 1610 scientiae
2225 1561 2297 1608 sed
2323 1563 2433 1607 vitae

436 1630 539 1678 sunt
552 1649 568 1679 ·:
604 1642 784 1677 externa
813 1630 1240 1692 repraesentabantur
1270 1646 1350 1693 per
1371 1630 1516 1685 villas,
1549 1630 1658 1692 quia
1680 1643 1803 1676 erant
1826 1643 1950 1676 extra
1975 1629 2120 1684 urbes,
2159 1630 2330 1675 interna
2354 1643 2434 1672 au-

436 1710 533 1745 tem
572 1701 653 1760 per
688 1696 800 1761 ipsas
841 1696 1002 1752 urbes;
1049 1697 1177 1760 quod
1216 1697 1347 1744 urbes
1383 1696 1469 1743 sint
1502 1695 1781 1753 doctrinalia,
1816 1696 2023 1742 videatur
2062 1712 2122 1743 n:
2149 1711 2261 1755 402.
2290 1695 2432 1742 2268.

440 1764 1076 1828 2450.2712.2943.3216.

512 1846 652 1893 3271.
690 1831 743 1877 In
774 1830 958 1877 castellis
998 1830 1200 1889 illorum,
1235 1831 1360 1896 quod
1396 1830 1617 1894 significet
1650 1831 1836 1887 interna,
1872 1828 2042 1876 constat
2066 1845 2091 1875 a
2113 1828 2438 1891 significatione

443 1896 744 1951 castellorum,
778 1895 904 1958 quod
941 1896 1028 1943 fint
1066 1899 1236 1945 interna
1271 1899 1398 1955 fidei,
1435 1900 1508 1945 hic
1531 1898 1764 1954 Ecclefiae,
1807 1898 1915 1960 quia
1952 1896 2009 1943 de
2041 1896 2268 1942 Gentibus
2305 1910 2437 1941 cum-

444 1963 602 2026 primis
626 1962 947 2023 praedicantur,
972 1962 1138 2025 quibus
1159 1980 1249 2011 non
1275 1965 1382 2011 fidei
1406 1981 1585 2021 verum,
1622 1965 1694 2012 sed
1721 1962 1931 2012 rationale
1956 1965 2002 2010 &
2027 1962 2225 2009 naturale
2249 1976 2440 2015 verum,

443 2029 543 2075 haec
567 2028 686 2074 Vera
723 2040 941 2074 vocantur
976 2028 1166 2084 castella,
1201 2046 1308 2077 cum
1338 2032 1454 2078 Vera
1491 2031 1599 2079 fidei
1638 2030 1784 2078 urbes.
1856 2031 1910 2077 In
1936 2029 2091 2093 lingua
2128 2028 2334 2091 originali
2369 2027 2442 2073 hae

444 2110 597 2149 voces,
631 2109 738 2156 quae
763 2094 1014 2156 fignificant
1038 2094 1167 2140 villas
1192 2096 1242 2141 ὅτ
1264 2096 1450 2152 castella,
1484 2098 1618 2144 etiam
1658 2097 1911 2160 fignificant
1943 2098 2053 2143 atria
2091 2096 2140 2143 ὅτ
2178 2095 2355 2159 palatia,
2392 2096 2440 2140 &

445 2159 547 2206 sunt
570 2161 675 2206 atria
696 2159 899 2206 similiter
928 2172 1107 2206 externa
1130 2160 1362 2216 Eccleslae,
1397 2162 1446 2208 &
1473 2162 1634 2223 palatia
1656 2164 1840 2209 interna.

518 2242 658 2289 3272.
712 2225 974 2272 Duodecim
1015 2227 1240 2289 principes
1279 2227 1558 2291 populorum
1599 2227 1801 2283 suorum,
1848 2229 1976 2290 quod
2021 2228 2242 2291 fignificet
2287 2227 2447 2274 omnia

445 2294 658 2354 primaria
681 2291 896 2355 Eccleliae
929 2292 1047 2339 illius
1070 2293 1338 2354 SpiritualiS,
1374 2292 1545 2340 constat
1568 2310 1624 2340 ex
1648 2294 1972 2356 fignificatione
2012 2294 2277 2348 duodecim,
2314 2291 2443 2354 quod

448 2356 534 2403 fint
557 2357 711 2402 omnia
734 2357 838 2402 fidei
863 2355 934 2402 seu
959 2358 1189 2415 Ecclesiae,
1225 2359 1281 2406 de
1303 2375 1394 2421 qua
1415 2376 1472 2407 n:
1502 2377 1612 2424 577.
1635 2365 1777 2423 2089.
1806 2377 1931 2424 2129
1958 2358 1988 2405 f.
2020 2376 2146 2421 2150
2172 2359 2223 2413 f;
2259 2376 2283 2404 a
2307 2359 2444 2420 signi·

446 2423 655 2469 ficatione
678 2423 956 2484 principum,
992 2424 1116 2486 quod
1149 2425 1234 2472 sint
1267 2427 1491 2487 primaria,
1527 2427 1584 2473 de
1617 2442 1705 2489 qua
1729 2443 1787 2473 n:
1820 2431 1957 2485 1482.
1986 2431 2149 2488 2089·‚
2184 2426 2232 2472 &
2259 2442 2282 2470 a
2305 2425 2442 2487 figni-

447 2488 657 2535 ficatione
681 2490 977 2551 populorum,
1013 2491 1138 2552 quod
1173 2491 1258 2538 sint
1290 2492 1354 2538 illi
1388 2494 1467 2555 001
1507 2493 1552 2538 111
1579 2494 1712 2548 veriS,
1749 2492 1805 2539 de
1829 2508 1919 2555 qua
1941 2509 2000 2538 n:
2034 2508 2172 2556 1259.
2207 2492 2346 2547 1260,
2385 2494 2446 2537 ita

447 2556 528 2617 qui
553 2554 609 2600 ab
631 2554 829 2601 Ecclesia
852 2553 1063 2616 spirituali
1088 2555 1205 2614 sunt,
1240 2573 1345 2605 nam
1371 2558 1434 2604 illi
1464 2558 1678 2605 dicuntur
1701 2560 1746 2604 in
1770 2561 1888 2614 veris
1909 2558 2005 2606 effe.
2077 2559 2223 2621 Qiod
2248 2558 2444 2604 Numeri
2527 2611 2535 2615 ,

447 2636 605 2668 omnes
632 2621 677 2665 in
705 2619 856 2667 Verbo
885 2621 1138 2683 significent
1160 2639 1245 2679 res,
1282 2622 1509 2670 manifeste
1531 2623 1727 2672 constare
1751 2624 1895 2687 potest
1920 2641 1944 2670 a
1968 2640 2159 2672 nurnero
2182 2624 2442 2677 duodecim,

446 2688 528 2750 qui
572 2688 701 2732 toties
733 2688 966 2742 -occurrit·‚
1019 2689 1092 2735 ille
1139 2705 1370 2745 1101110103,
1419 2690 1678 2753 ubicunque
1722 2691 1766 2737 in
1804 2691 1960 2737 Verbo
2001 2691 2180 2753 legitur,
2224 2690 2444 2753 fignificat

447 2755 632 2807 omnia;
669 2752 780 2799 ficut
818 2754 1062 2801 duodecim
1088 2756 1258 2802 Tribus
1294 2758 1338 2802 in
1362 2757 1515 2804 Veteri
1543 2760 1572 2803 Ἰ
1586 2757 1848 2811 estamento,
1886 2759 1934 2803 δε
1960 2757 2205 2804 duodecim
2232 2755 2444 2819 Apostoli

424 2842 426 2844 >
447 2821 502 2866 in.
518 2820 678 2875 Novo,
714 2819 967 2882 significant
989 2823 1144 2868 omnia
1167 2822 1288 2878 fidei,
1325 2825 1515 2886 proinde
1555 2825 1710 2870 omnia
1733 2823 1980 2878 Ecclefiae3
2019 2838 2078 2870 ita
2102 2823 2173 2870 hic
2198 2824 2443 2871 duodecim

449 2886 696 2948 Principes,
732 2888 886 2933 omnia
920 2889 1130 2950 primaria
1151 2888 1366 2936 Ecclesiae
1404 2890 1520 2937 illius
1559 2906 1666 2953 quae
1696 2907 1774 2952 per
1807 2890 1999 2938 totidem
2026 2890 2142 2937 filios
2166 2890 2443 2952 Jischmaelis

450 2952 851 3026 repraesentantur:
888 2953 1017 3016 quod
1054 2970 1268 3002 numerus
1314 2956 1563 3003 duodecim
1603 2973 1652 3003 ea
1687 2957 1924 3019 significet,
1951 2957 2168 3003 'constare
2209 2958 2351 3019 potest
2387 2971 2444 3001 ex

450 3018 555 3073 illis,
591 3028 697 3079 quae
737 3019 782 3064 in
817 3021 964 3066 citatis
998 3019 1127 3083 supra
1168 3021 1279 3068 locis
1314 3023 1441 3070 allata
1478 3023 1597 3078 sunt,
1631 3035 1732 3069 tum
1767 3038 1951 3085 quoque
1988 3038 2045 3069 ex
2085 3024 2152 3069 his
2186 3026 2229 3069 in
2256 3023 2443 3073 verbm,

450 3083 572 3144 apud
595 3083 867 3156 johannem,
905 3091 938 3112 “
963 3088 1140 3133 Audivi
1178 3103 1421 3135 numerum
1463 3089 1803 3151 obfignatorum
1837 3102 1892 3135 cx
1923 3090 2051 3136 omni
2076 3089 2223 3137 Tribu
2248 3088 2443 3140 Israelis·‚

450 3162 509 3193 ex
532 3148 680 3222 Tsffbu
704 3150 840 3207 Judae
865 3152 1093 3200 Duodecim
1116 3154 1228 3200 mille
1249 3154 1467 3218 obsignati
1489 3174 1500 3202 z
1537 3172 1594 3201 ex
1619 3156 1666 3202 T
1669 3156 1765 3202 ribu
1791 3154 1956 3202 Ruben
1983 3155 2210 3203 Duodecim
2233 3154 2342 3200 mille
2364 3153 2445 3198 ob-

453 3212 642 3278 signati:
679 3228 735 3262 ex
758 3216 906 3264 Tribu
932 3218 1036 3266 Gad
1061 3219 1289 3269 Duodecim
1329 3222 1439 3269 mille
1468 3221 1739 3284 obfignati,’'
1774 3222 1824 3269 ὅτ
1865 3221 1922 3268 fic
1962 3237 2113 3285 porr0‚
2151 3223 2313 3283 Apoc:
2339 3235 2443 3268 vii:

1510 3289 1553 3335 G
1591 3303 1624 3349 g
2334 3306 2447 3348 45.
