2872 3730
539 274 782 391 184‘
1044 294 2024 375 G'ENESIS.

540 439 682 487 tiam:
720 439 771 489 ὅτ
792 436 1066 504 prosperabit
1085 441 1208 486 viam
1230 450 1373 495 tuam,
1409 437 1630 502 fignificat
1663 437 1817 502 quoad
1847 453 2042 486 verum:
2079 436 2128 486 &
2153 437 2345 503 accipias
2381 438 2545 489 mulie-

546 520 642 552 rem
679 505 777 552 filio
813 522 932 563 meo,
968 506 1189 569 fignificat
1228 506 1354 568 quod
1390 503 1678 568 conjunctio:
1713 522 1738 552 e
1761 503 1928 552 familia
1962 521 2076 562 mea,
2112 507 2162 552 ὅτ
2183 522 2209 553 e
2229 506 2378 554 domo
2403 508 2547 569 patris

551 572 658 628 mei,
694 571 912 635 fignificat
932 589 988 619 ex
1012 574 1142 619 Bono
1164 573 1212 619 ὅτ
1237 572 1361 619 Vero
1381 572 1507 634 quod
1541 587 1597 618 ex
1619 571 1795 618 Divino
1827 570 1919 619 ibi:
1957 573 2094 619 Tunc
2118 573 2340 620 immunis
2377 574 2463 620 eris
2487 570 2547 620 ab

548 636 849 685 obsecratione
889 655 1002 695 mea,
1056 637 1291 700 fignificat,
1343 637 1415 684 hic
1451 649 1504 684 ut
1535 639 1676 700 prius,
1712 637 1905 684 liberum
1938 638 2064 701 quod
2104 639 2294 686 naturali
2332 638 2543 686 homini:

550 704 679 766 quod
718 706 890 751 veneris
929 706 983 751 ad
1024 703 1241 750 familiam
1283 718 1448 759 meam,
1484 703 1534 749 ὅτ
1571 703 1603 749 fi
1643 718 1736 750 non
1767 703 1973 751 dederint
2009 704 2111 761 tibi,
2148 704 2367 767 fignificat
2390 704 2546 768 quoad

554 767 903 832 separationem:
948 771 998 817 δε
1035 772 1118 817 eris
1159 770 1379 815 immunis
1416 768 1472 815 ab
1509 766 1808 816 obsecratione
1849 785 1965 827 rnea,
2009 770 2230 834 fignificat
2267 771 2395 834 quod
2436 782 2548 819 tunc

554 835 677 882 nulla
715 836 847 899 culpa
884 837 1069 884 naturali
1106 836 1295 883 homini.
1366 835 1562 898 Reliqua
1585 834 1723 899 usque
1745 835 1803 882 ad
1823 835 1966 884 Vers:
1991 841 2075 896 48,
2110 836 2365 901 significant
2388 836 2549 886 fimilia

589 917 661 948 uae
719 917 824 948 rius.
2431 940 2434 946 .

554 916 585 964 q
625 985 650 1030 3
665 918 717 1029 11}
725 984 767 1029 5.
806 968 991 1030 Singula
1013 967 1111 1015 haec
1134 967 1369 1030 explicare,
1405 965 1800 1031 supersedendum,
1835 968 1942 1031 quia
1961 967 2090 1033 supra
2112 969 2160 1015 in
2183 969 2270 1017 hoc
2287 955 2447 1033 Capite
2467 986 2550 1018 ex-

553 1032 718 1095 plicata
740 1032 873 1080 sunt:
908 1035 1074 1080 iterum
1106 1033 1362 1089 dictasunt,
1399 1033 1460 1080 ob
1483 1033 1678 1090 causam,
1712 1045 1763 1082 ut
1796 1034 2007 1082 naturalis
2046 1035 2188 1082 homo
2228 1034 2542 1084 instrueretur:

555 1099 746 1145 initiatio
784 1100 906 1144 enim
946 1100 994 1145 &
1035 1097 1295 1160 conjunctio
1326 1099 1421 1144 veri
1461 1114 1569 1145 cum
1607 1099 1747 1155 bono,
1784 1099 1826 1146 se
1856 1100 1989 1147 habet
2024 1100 2139 1148 ficut
2171 1116 2282 1149 cum
2310 1102 2445 1165 virgo
2467 1102 2547 1150 de-

556 1163 784 1226 sponsatur
804 1164 853 1210 &
878 1164 980 1210 dein
1004 1163 1244 1226 copulatur
1266 1163 1445 1219 marite,
1481 1179 1647 1226 nempe
1683 1164 1810 1227 quod
1831 1164 2102 1212 ,instruenda
2124 1166 2181 1213 de
2201 1166 2432 1224 omnibUS,
2468 1185 2546 1216 an-

558 1241 739 1292 tequam
770 1230 847 1276 dat
881 1228 1172 1277 consensum:
1209 1228 1308 1275 haec
1330 1228 1505 1276 tametfi
1528 1244 1619 1276 non
1645 1241 1860 1292 apparent
1883 1231 2005 1293 apud
2025 1229 2277 1287 hominem,
2313 1246 2422 1278 cum
2445 1248 2549 1280 vera

557 1295 620 1341 ibi
646 1295 767 1342 bono
799 1296 1031 1343 initiantur
1054 1298 1099 1342 &
1127 1292 1484 1359 conjunguntur,
1519 1294 1607 1343 hoc
1645 1294 1742 1351 est‚-
1762 1311 1877 1353 cum¹
1909 1295 2053 1344 homo
2091 1293 2377 1352 reformatur,
2411 1297 2549 1361 usque

555 1373 705 1407 tamen
749 1362 886 1415 fiunt,
921 1377 1086 1425 nempe
1123 1361 1250 1425 quod
1295 1362 1523 1424 praecedat
1562 1360 1813 1419 instructio,
1849 1363 1978 1410 Bono
2014 1361 2073 1409 de
2093 1362 2233 1420 Vero,
2269 1364 2319 1412 &
2342 1363 2466 1412 Vero
2492 1364 2549 1411 de

556 1427 702 1483 Bono,
739 1427 843 1474 dein
868 1427 1100 1475 consensus
1122 1428 1178 1474 ab
1202 1440 1390 1490 utraque
1420 1439 1562 1490 parte,
1598 1427 1655 1475 de
1679 1443 1773 1491 quo
1796 1443 1918 1475 nunc
1951 1427 2163 1492 sequitur.

625 1511 649 1557 3
663 1494 765 1556 156.
786 1494 923 1541 ·Vers
932 1512 942 1542 ε
969 1512 1047 1560 49.
1076 1510 1153 1557 50.
1181 1511 1258 1556 51.
1309 1496 1372 1542 Et
1393 1494 1665 1553 nuncfifitis
1687 1509 1764 1542 vos
1773 1494 1985 1556 facientes
2008 1493 2330 1559 misericordiam
2352 1495 2407 1544 &
2431 1498 2547 1543 v.·ri'-

554 1569 686 1623 tatem
725 1576 815 1607 cum
850 1560 1011 1607 domino
1047 1577 1149 1616 meo,
1184 1561 1367 1607 indicate
1388 1560 1509 1615 mihi,
1545 1559 1600 1608 ἑὸ)
1608 1559 1658 1617 st
1678 1575 1774 1616 non,
1809 1560 1994 1607 indicate
2015 1561 2138 1616 mihi,
2173 1560 2230 1608 &³
2252 1561 2452 1622 spectabo
2489 1562 2550 1608 ad

552 1625 745 1672 dextram
768 1627 843 1672 vel
860 1626 919 1673 ad
922 1625 1154 1684 sinistram.
1224 1627 1288 1673 Et
1320 1625 1529 1687 respondit
1551 1622 1707 1672 L'aban
1729 1626 1785 1674 ἐξ
1808 1625 2002 1681 Bethuel,
2037 1625 2092 1674 &³
2115 1626 2327 1682 dixerunt,
2363 1643 2391 1672 a
2412 1627 2545 1689 Jeho-

553 1691 646 1738 vah
671 1693 807 1738 exivit
828 1691 1019 1747 verbum,
1055 1707 1134 1738 non
1162 1690 1370 1756 poffumus
1404 1689 1515 1754 loqui
1549 1690 1610 1737 ad
1635 1699 1677 1737 te
1699 1690 1854 1737 malum
1892 1690 1966 1738 vel
1994 1691 2156 1738 bonum.
2225 1692 2336 1739 Ecce
2356 1693 2544 1739 Rebecca

554 1772 695 1805 coram
719 1766 776 1813 te,
812 1759 953 1819 accipe
975 1756 1179 1814 &‚vade,
1217 1756 1271 1806 69³
1286 1756 1352 1814 stt
1386 1756 1535 1803 mulier
1553 1754 1650 1815 filio
1682 1755 1838 1804 domini
1869 1759 1951 1812 tui,
1987 1756 2320 1821 quemadmodum
2353 1757 2546 1822 loquutus

552 1823 771 1887 Jehovah.
840 1823 981 1870 Nunc
1006 1822 1037 1869 fi
1060 1822 1150 1870 fitis
1171 1838 1256 1870 vos
1279 1821 1491 1869 facientes
1516 1821 1865 1870 misericordiam
1891 1823 1939 1869 δε
1965 1823 2198 1869 veritatem
2223 1838 2331 1870 cum
2356 1824 2547 1871 domino

555 1904 675 1946 rneo,
711 1888 936 1951 fignificat
967 1889 1320 1952 explorationem
1359 1887 1593 1936 consensus
1623 1903 1783 1935 eorum
1815 1903 1873 1934 ex
1898 1899 2085 1949 utraque
2118 1885 2344 1944 facultate,
2379 1889 2544 1936 volun-

551 1955 653 2001 tatis
679 1955 728 2002 &
752 1955 1032 2002 intellectus:
1070 1955 1264 2002 indicate
1290 1954 1417 2010 mihi,
1453 1955 1503 2002 δε
1535 1954 1568 2001 fi
1599 1970 1692 2001 non
1731 1952 1924 2000 indicate
1963 1953 2093 2009 mihi,
2130 1952 2353 2015 fignificat
2377 1954 2545 2002 delibe-

551 2022 733 2068 rationis
755 2037 912 2068 eorum
937 2020 1099 2067 statum
1125 2020 1343 2069 liberum:
1380 2021 1430 2067 δε
1452 2019 1659 2083 spectabo
1688 2019 1742 2066 ad
1768 2019 1973 2066 dextram
2006 2018 2080 2065 vel
2107 2019 2164 2066 ad
2187 2018 2421 2076 finistram,
2456 2020 2545 2085 fig-

550 2087 704 2134 nificat
739 2087 931 2134 liberum
972 2088 1286 2150 reciprocum:
1312 2086 1387 2133 Et
1423 2085 1651 2149 respondit
1674 2085 1834 2132 Laban
1864 2085 1915 2132 ὅτ
1938 2085 2143 2141 Bethuel,
2178 2085 2228 2132 ὅτ
2252 2085 2479 2143 dixerunt,
2515 2103 2542 2134 a

550 2153 756 2214 Jehovah
780 2155 921 2200 exivit
943 2153 1154 2209 verbum,
1190 2169 1282 2200 non
1310 2152 1544 2214 possumus
1579 2151 1707 2215 loqui
1743 2152 1800 2198 ad
1839 2162 1883 2198 te
1918 2150 2092 2197 malurn
2123 2150 2195 2198 vel
2228 2150 2419 2209 bonum,
2455 2152 2543 2216 fig-

549 2219 701 2266 nificat
730 2220 1005 2282 agnitionem
1043 2219 1170 2282 quod
1200 2218 1332 2265 solius
1355 2218 1549 2266 Domini
1572 2217 1703 2264 effet:
1740 2217 1861 2264 Ecce
1886 2216 2094 2263 Rebecca
2115 2231 2268 2264 coram
2293 2228 2354 2273 te,
2389 2220 2541 2282 accipe

549 2286 600 2332 δε
623 2285 753 2342 vade,
791 2286 840 2333 ὅτ
877 2285 931 2332 fit
972 2285 1133 2331 mulier
1174 2284 1269 2331 filio
1306 2283 1484 2346 domini
1523 2284 1607 2338 tui,
1641 2281 2038 2346 quemadmodum
2076 2282 2293 2346 loquutus
2316 2283 2539 2344 Jehovah,

550 2350 769 2413 fignificat
792 2350 1055 2399 consensum
1089 2350 1353 2414 inspiratum
1376 2365 1432 2396 ex
1454 2350 1678 2396 Domino.
2246 2398 2252 2400 -

621 2434 762 2482 31-57.
798 2418 938 2465 Nunc
960 2417 992 2464 fi
1017 2417 1106 2464 fitis
1130 2433 1212 2463 vos
1249 2417 1455 2463 facientes
1497 2414 1844 2464 misericordiam
1868 2414 1919 2462 δε
1941 2414 2173 2462 veritatem
2209 2431 2315 2463 cum
2353 2415 2544 2464 domino

548 2498 672 2540 meo,
707 2483 834 2546 quod
880 2483 1098 2546 fignificet
1136 2481 1495 2546 explorationem
1533 2481 1768 2530 consensus
1805 2497 1965 2529 eorum
1999 2497 2056 2528 ex
2092 2493 2279 2544 utraque
2317 2479 2541 2539 facultate,

549 2549 794 2595 voluntatis
818 2550 866 2595 ὅτ
890 2549 1155 2604 intellectus,
1191 2548 1362 2595 constat
1385 2564 1440 2594 ex
1462 2547 1786 2609 significatione
1809 2546 2140 2601 misericordiae,
2175 2546 2302 2608 quod
2341 2546 2396 2594 fit
2434 2547 2542 2608 boni

549 2611 623 2660 seu
653 2615 833 2669 amoris,
869 2614 926 2660 de
948 2629 1115 2675 quan:
1145 2615 1285 2675 3063.
1314 2628 1455 2675 3073.
1483 2628 1644 2673 3rzo;
1680 2612 1729 2658 &
1751 2627 1807 2657 ex
1829 2610 2386 2672 fignificationerveritatis,
2411 2613 2539 2676 quod

552 2678 607 2726 fit
637 2679 731 2724 veri
772 2677 843 2724 seu
883 2678 1007 2733 fidei,
1040 2679 1100 2723 de
1121 2684 1223 2739 2qua
1246 2693 1304 2723 n:
1335 2693 1474 2738 3121.
1504 2693 1626 2738 3122
1650 2698 1666 2731 ·‚
1701 2677 1751 2722 ὅτ
1773 2677 1879 2737 quia
1902 2674 2072 2724 bonum
2113 2676 2240 2738 quod
2278 2678 2444 2724 amoris
2479 2678 2543 2726 est

553 2743 815 2799 voluntatis,
850 2744 898 2790 &
923 2758 1082 2789 verum
1105 2743 1232 2805 'quod
1255 2741 1360 2788 fidei
1384 2740 1447 2788 est
1470 2741 1737 2797 intellectus,
1773 2741 1821 2788 δε
1843 2740 1942 2788 haec
1981 2741 2197 2794 dicuntur
2228 2741 2285 2789 ad
2307 2741 2543 2792 Labanem
2572 2790 2574 2794 Α

553 2810 603 2857 &
629 2808 916 2865 Bethuelem,¹
946 2810 1007 2854 ita
1029 2808 1086 2855 ad
1107 2808 1331 2865 homines,
1367 2807 1492 2870 quod
1516 2806 1582 2854 illi
1613 2805 1810 2856 facerent
1841 2805 2192 2859 misericordiam
2215 2808 2265 2856 δε
2290 2810 2541 2868 veritatem,

555 2875 809 2939 significant
846 2890 952 2937 quae
974 2890 1031 2921 ex
1054 2885 1241 2936 utraque
1273 2888 1431 2920 eorum
1469 2871 1693 2929 facultate,
1729 2888 1894 2935 nempe
1917 2872 2162 2921 voluntatis
2185 2873 2233 2921 ὅτ
2257 2874 2507 2926 intellectus
2526 2899 2541 2932 ;

556 2941 684 3005 quod
713 2941 770 2988 ‘fit
799 2940 1047 3003 exploratio
1076 2939 1313 2987 consensus
1342 2950 1480 3001 patet,
1514 2950 1611 2984 tam
1649 2954 1705 2985 ex
1737 2937 1822 2994 his,
1857 2938 1981 3000 quod
2007 2939 2196 2995 dicatur,
2222 2945 2267 2979 «“
2291 2940 2322 2987 fi
2346 2941 2440 2990 fitis
2459 2958 2542 2989 vos

546 3005 811 3063 .facientes‚”
845 3022 984 3069 quam
1008 3005 1063 3053 ab
1099 3006 1183 3052 illis
1219 3021 1324 3068 quae
1362 3003 1622 3067 sequuntur,
1660 3009 1694 3035 ‘⁶
1719 3003 1910 3052 indicate
1939 3004 2070 3061 mihi,
2106 3005 2155 3052 δι
2178 3005 2210 3052 fi
2234 3022 2326 3058 non
2349 3004 2542 3055 indicate

551 3073 681 3130 mihi,
717 3073 766 3126 δε
788 3071 992 3136 spectabo
1029 3071 1094 3119 ad·
1124 3072 1330 3118 dextram
1369 3071 1443 3117 vel
1481 3070 1538 3117 ad
1575 3069 1835 3121 finistram‚'’
1886 3069 1938 3135 ln
1972 3073 2301 3134 regeneratione
2323 3070 2539 3131 liominis,
2602 3132 2604 3134 V

523 3156 659 3203 *quae
696 3139 760 3186 est
798 3140 954 3202 imago
993 3137 1333 3201 glorificationis
1365 3137 1575 3202 Domini,
1613 3152 1674 3184 n:
1701 3140 1844 3200 3138,
1880 3135 1940 3184 ita
1970 3136 2190 3193 sehabet,
2226 3138 2352 3200 quod
2376 3155 2539 3202 verum

549 3206 658 3253 fidei
682 3204 869 3270 quidem
889 3201 1100 3261 discatur,
1137 3203 1209 3251 sed
1241 3219 1331 3254 non
1359 3201 1639 3265 agnoscatur,
1676 3205 1826 3249 minus
1851 3203 2088 3265 recipiatur
2110 3219 2135 3250 a
2158 3202 2296 3260 bon0‚
2333 3204 2413 3252 nifi
2431 3221 2539 3267 con—

549 3271 694 3327 sensus
733 3271 787 3320 fit
817 3271 874 3320 ab
906 3282 1093 3336 utraque
1132 3267 1359 3327 facultate,
1395 3284 1559 3332 nempe
1583 3267 1817 3323 voluntate
1849 3270 1896 3317 &
1929 3268 2188 3328 intellectu3
2223 3268 2454 3325 consensus
2477 3271 2541 3320 est

767 3346 773 3349 s
2451 3336 2542 3402 ipsa
