2904 3750
765 229 2146 307 CAPUT'VIGEmMUMNONUM.
2318 230 2445 325 315

451 366 676 431 &catione
708 367 800 416 effe
836 367 884 415 in
912 365 1057 415 oculis
1081 363 1205 428 ejus,
1241 363 1368 429 quod
1403 362 1460 409 fit
1492 362 1554 414 ita
1593 376 1852 427 apparere3
1898 379 1954 410 ex
1991 365 2319 428 significatione
2352 369 2450 415 die-

450 451 579 493 wm,
614 434 739 500 quod
777 434 864 482 fint
898 432 1054 490 status,
1090 432 1150 478 de
1172 445 1266 494 qua
1298 445 1328 478 n
1352 447 1372 477 ⁴:
1401 432 1517 491 893.
1544 433 1688 491 27'88.
1712 429 1857 492 3462.
1884 435 2046 492 3785;
2083 433 2191 480 inde
2221 435 2329 482 ficut
2351 435 2450 482 dies

461 501 607 567 aliqui
642 506 687 548 in
710 499 914 548 amando
930 499 1022 553 illo
1043 511 1166 553 eam,
1196 494 1266 542 est
1290 494 1425 541 status
1447 494 1657 548 amoris;
1693 510 1801 541 cum
1837 495 1981 542 homo
2017 497 2079 544 est
2111 499 2155 544 in
2182 499 2292 548 statu
2317 517 2446 548 amo-

460 568 526 615 ris
548 567 620 615 seu
645 564 907 615 affectionis
929 561 1148 618 coelestis,
1182 572 1292 608 tunc
1323 559 1390 607 est
1416 559 1462 606 in
1489 558 1864 623 statu-angelico,
1899 575 2071 625 nempe
2108 579 2197 610 non
2234 567 2356 629 quali
2400 568 2445 614 in

450 630 691 697 temporie,
727 630 763 678 fi
795 644 888 678 non
915 627 1156 677 affeetioni
1183 625 1251 674 illi
1276 625 1392 674 inest
1418 625 1732 691 impatientia,
1769 627 1870 675 haec
1892 628 2019 675 enim
2043 628 2106 676 est
2141 629 2322 679 affectio
2344 648 2443 680 cor·

446 713 613 764 ,poi-ea,
646 697 695 744 in
717 712 808 761 qna
828 706 1054 760 quantum
1082 691 1149 741 est
1172 693 1337 750 homo,
1374 705 1557 741 tantum
1580 691 1645 741 est
1669 693 1717 740 in
1741 705 1971 758 tempore,
2006 694 2081 742 sed
2105 708 2326 759 quantum
2351 715 2443 746 non

445 763 585 813 firnul
624 762 674 811 in
706 762 804 820 illa,
837 773 1017 810 tantum
1052 775 1146 809 non
1169 759 1236 808 est
1260 759 1306 806 in
1330 771 1576 825 tempore:
1606 758 1704 807 -hoc
1726 772 1854 824 patet
1875 759 1921 808 in
1948 761 2150 825 quadarn
2186 763 2386 825 imagine
2418 782 2444 812 a

438 828 663 894 *jucundis
684 829 736 878 &
759 827 879 877 laetis
901 843 1009 893 quae
1032 827 1137 875 sunt
1159 824 1423 875 affeffionis
1457 824 1531 874 seu
1561 825 1752 883 amoriS,
1787 826 1934 891 quod,
1969 843 2075 875 curn
2112 828 2255 876 homo
2291 830 2337 876 in
2372 829 2443 878 his

439 895 539 955 est,
576 910 670 944 non
695 907 919 961 appareat
940 895 983 942 ei
1006 906 1209 960 ternpus,
1243 892 1310 941 est
1346 891 1474 940 enim
1506 891 1552 939 in
1580 892 1763 940 interno
1787 892 1979 940 homine
2017 909 2161 949 tunc3
2197 909 2283 958 per
2304 894 2443 943 affec-

439 963 629 1011 tionem
655 962 843 1026 genuini
867 960 1038 1010 amoris
1058 957 1330 1008 abstrahitur
1351 958 1501 1008 homo
1521 974 1549 1005 a
1570 959 1808 1026 corporeis
1836 960 1887 1007 δε
1922 960 2182 1018 mundanis,
2218 977 2325 1009 nam
2351 962 2447 1009 ele·

440 1041 584 1078 vatur
606 1044 738 1077 mens
759 1027 856 1091 ejus
878 1026 1030 1075 versus
1043 1026 1244 1083 -coelum,
1281 1024 1346 1073 ita
1382 1024 1659 1073 abstrahitur
1688 1024 1749 1073 ab
1787 1023 1879 1073 illis
1913 1042 2019 1090 quae
2050 1026 2152 1074 sunt
2186 1029 2440 1091 temporis:

436 1107 633 1161 -tempus
666 1095 796 1144 enim
829 1111 891 1160 ap
947 1109 1057 1156 ‘rens
1095 1091 1214 1157 quid
1248 1090 1314 1139 est
1347 1106 1406 1140 ex
1440 1091 1688 1164 reflexione
1721 1089 1854 1157 super
1889 1092 1966 1140 illa
1998 1109 2108 1158 quae
2140 1109 2232 1141 non
2266 1092 2440 1143 affec'ti-

436 1161 653 1211 ·onis‘seu
675 1160 847 1208 amoris
878 1110 994 1218 ὣς,
1029 1159 1090 1207 ita
1110 1175 1218 1224 quae
1239 1157 1368 1206 taedii
1390 1175 1401 1204 :
1439 1157 1550 1205 inde
1572 1157 1711 1205 etiarn
1735 1169 1878 1221 patet,
1913 1159 2023 1223 quid
2043 1160 2286 1222 fignificat,
2310 1161 2438 1226 quod

441 1226 631 1292 &septem
655 1227 763 1275 anni
787 1225 957 1274 fuerint
986 1227 1034 1273 in
1057 1222 1341 1288 ocu1isejus,
1375 1224 1486 1271 licut
1508 1223 1607 1271 dies
1630 1223 1771 1289 aliqui
1811 1224 1857 1272 in
1881 1225 2087 1272 amando
2113 1226 2198 1273 illo
2218 1243 2334 1274 eam.

519 1297 664 1358 3828.
695 1291 821 1341 Vers
831 1311 842 1340 ε
863 1308 944 1342 2-1.
965 1306 1047 1340 22.
1065 1308 1144 1355 23.
1166 1307 1250 1352 24.
1276 1291 1340 1338 Et
1361 1289 1474 1338 dixit
1489 1289 1631 1353 Jacob
1645 1290 1706 1338 ad
1718 1289 1960 1347 Labanem,
1977 1291 2034 1339 da
2050 1292 2265 1340 mulierem
2283 1309 2435 1350 meam,

432 1362 551 1425 „quia
573 1361 740 1422 impleti
761 1358 855 1407 dies
879 1361 981 1417 mei,
1008 1358 1065 1408 &²
1089 1359 1265 1406 veniam
1287 1355 1348 1403 ad
1367 1357 1503 1405 illam.
1574 1357 1639 1404 Et
1661 1357 1832 1421 collegit
1851 1357 2011 1405 Laban
2030 1374 2168 1406 omnes
2191 1362 2312 1407 viros
2335 1360 2436 1416 loci,

436 1425 507 1476 ·&
518 1428 636 1488 fecit
668 1427 929 1475 convivium.
1001 1426 1066 1473 Et
1089 1425 1190 1488 fuit
1215 1426 1262 1471 in
1284 1424 1483 1486 vespera,
1511 1421 1568 1471 ὃ
1591 1424 1757 1483 accepit
1779 1423 2072 1482 Leamfiliam
2090 1426 2236 1488 suam,
2273 1426 2330 1474 ὅθ
2355 1426 2434 1472 ad-

446 1493 575 1540 duxit
595 1492 719 1540 illam
738 1492 799 1540 ad
820 1508 930 1548 eam,
959 1491 1024 1542 ‘&
1043 1491 1168 1539 venit
1190 1489 1251 1538 ad
1285 1489 1419 1537 illam.
1465 1491 1556 1541 Et
1594 1489 1714 1537 dedit
1749 1489 1908 1537 Laban
1940 1491 2009 1539 illi
2040 1491 2202 1553 Silpam
2232 1492 2435 1539 ancillam

423 1559 567 1621 ‚suam
605 1559 709 1607 Leae
738 1557 853 1617 filie
884 1559 980 1622 suae
1019 1556 1236 1605 ancillam.
1314 1554 1454 1606 Dixit
1487 1554 1640 1616 Jacob
1677 1553 1735 1602 ad
1778 1555 2039 1613 Labanem,
2091 1557 2170 1604 da‘
2191 1557 2434 1606 mulierem

433 1640 618 1681 rmeatu,
651 1623 887 1688 fignificat
922 1623 1050 1688 quod
1087 1639 1114 1670 a
1151 1623 1280 1670 bono
1315 1620 1557 1670 communi
1593 1636 1713 1669 nunc
1746 1619 2011 1684 conjunctio
2046 1637 2155 1670 cum
2190 1622 2434 1671 affectione

439 1690 550 1738 veri
589 1690 850 1738 interioris:
886 1687 997 1754 quia
1020 1687 1204 1752 impleti
1227 1686 1328 1734 dies
1351 1686 1464 1743 mei,
1499 1697 1551 1733 ut
1571 1685 1754 1734 veniam
1784 1686 1844 1734 ad
1878 1687 2003 1735 illam
2038 1687 2269 1751 fignificat
2302 1689 2431 1754 quod

433 1768 567 1806 <nnnc
584 1755 721 1807 status
741 1772 753 1802 ε
788 1756 840 1804 &
862 1754 1056 1818 collegit
1078 1754 1240 1802 Laban
1263 1761 1428 1800 omnes
1446 1750 1580 1800 viros
1604 1751 1713 1809 loci,
1750 1752 1977 1816 fignificat
1998 1754 2157 1801 omnia
2179 1770 2286 1802 vera
2307 1755 2431 1804 illius

440 1824 610 1871 status:
645 1823 698 1870 &
732 1820 843 1871 fecit
865 1820 1153 1878 convivium,
1187 1817 1422 1882 ‘fignificat
1453 1817 1798 1866 initiationem:
1834 1820 1884 1867 δι
1909 1818 1996 1868 fuit
2026 1820 2073 1867 in
2097 1820 2303 1884 vespera,
2340 1822 2432 1885 fig-

444 1889 607 1936 nificat
639 1887 807 1936 statum
833 1888 986 1936 adhuc
1016 1886 1294 1935 obscurum:
1329 1886 1381 1933 &
1403 1883 1584 1947 accepit
1606 1884 1759 1932 Leam
1784 1884 1928 1932 filiam
1966 1885 2110 1942 suam,
2149 1887 2199 1934 &
2240 1887 2431 1937 adduxit

436 1953 575 2002 illam
614 1953 674 2000 ad
712 1968 839 2010 eum,
872 1954 926 2002 δε
947 1953 1075 2002 venit
1111 1951 1172 2000 ad
1209 1950 1360 2008 illam,
1399 1949 1629 2014 fignificat
1660 1950 1786 2018 quod
1820 1950 1969 2002 solum
1991 1951 2260 2018 conjunctio
2281 1954 2432 2003 adhuc

444 2019 556 2069 effet
575 2035 683 2068 curn
703 2018 948 2068 affectione
965 2018 1065 2067 veri
1081 2017 1285 2066 externi:
1314 2016 1374 2064 δτ
1405 2017 1538 2064 dedit
1572 2019 1736 2069 Laban
1775 2018 1844 2067 illi
1867 2020 2044 2084 Silpam
2067 2020 2280 2068 ancillam
2304 2019 2430 2069 suam

440 2086 560 2135 Leae
583 2085 812 2134 filiae-suae
833 2084 1064 2143 ancillam,
1098 2082 1327 2148 fignificat
1352 2095 1565 2133 externas
1599 2083 1865 2134 affeetiones
1900 2085 1974 2134 seu
2013 2098 2204 2135 externa
2239 2086 2431 2136 vincula

435 2167 551 2217 =quae
573 2151 728 2200 media
753 2150 1064 2200 inservientia.
1442 2211 1446 2214 ἢ
1959 2211 1963 2214 ν

490 2249 499 2255 ·
517 2222 664 2283 3829.
695 2217 840 2266 -Dixit
878 2217 1029 2279 Jacob
1061 2215 1119 2264 ad
1152 2215 1417 2271 'Labanenm
1452 2214 1513 2264 da
1543 2214 1786 2263 mulierem
1815 2231 1986 2274 meam,
2036 2218 2161 2283 quod
2195 2219 2429 2284 -fignificet

428 2284 566 2348 quod
590 2301 618 2332 a
641 2285 769 2331 bono
790 2284 1030 2332 communi
1059 2298 1182 2348 nunc
1205 2280 1472 2346 conjune’tio
1504 2297 1613 2329 cum
1636 2276 1881 2330 affectione
1903 2284 1998 2330 veri
2022 2283 2272 2340 interioris,
2309 2301 2416 2332 con·

433 2351 529 2398 {stat
548 2365 577 2397 a
598 2350 1000 2414 repraesentatione
1024 2348 1208 2411 jacobi,
1239 2348 1369 2413 quod
1393 2348 1447 2396 fit
1470 2348 1645 2396 bonurn
1683 2349 1916 2406 naturalis,
1951 2347 2010 2396 de
2045 2365 2136 2413 qua
2163 2351 2310 2416 prius,
2346 2351 2427 2399 hic

433 2417 622 2468 ‘bonum
645 2429 913 2472 commune,
948 2417 1054 2480 quia
1072 2430 1183 2480 quae
1208 2413 1442 2463 Naturalis
1467 2413 1588 2471 sunt,
1623 2415 1888 2462 communia
1907 2414 2154 2478 respestive
2172 2416 2288 2475 sunt,
2325 2416 2431 2465 sunt

430 2482 571 2530 *enim
605 2481 954 2532 innumerabilia
970 2497 1084 2546 quae-
1099 2481 1160 2528 ab
1182 2481 1372 2528 Interno
1393 2480 1586 2528 homine
1619 2480 1817 2528 influunt
1855 2482 1900 2528 in
1923 2481 2191 2530 Naturalem
2231 2482 2426 2532 seu-Ex·

443 2561 647 2606 ternum,
677 2563 788 2612 quae
821 2549 867 2596 in
908 2549 998 2596 hoc
1031 2558 1255 2613 apparent
1276 2558 1329 2596 ut
1361 2561 1612 2594 commune
1640 2562 1803 2604 unum,
1839 2548 1890 2595 &
1923 2547 2075 2596 adhuc
2109 2549 2259 2612 magis
2297 2563 2427 2598 ante-

433 2630 588 2680 quam
629 2615 923 2679 particularia
961 2613 1282 2664 communium
1319 2625 1502 2678 recepta
1534 2611 1650 2671 sunt,
1686 2625 1739 2661 ut
1773 2614 1881 2669 hic;
1916 2613 2026 2662 inde
2058 2614 2143 2672 est,
2178 2615 2303 2680 quod
2342 2617 2428 2664 bo-

441 2695 574 2739 nurn,
608 2682 738 2746 quod
771 2698 855 2747 per
892 2682 1123 2743 Jacobum
1159 2676 1522 2744 repraesentatur,
1559 2695 1680 2729 nunc
1712 2680 1890 2728 dicatur
1925 2681 2099 2731 bonurn
2137 2697 2387 2730 commune
2408 2703 2426 2737 ·,

431 2748 568 2812 «quod
603 2747 658 2796 lit
689 2747 955 2812 conjunctio
988 2763 1099 2796 cum
1133 2746 1375 2795 affectione
1411 2747 1510 2794 veri
1546 2745 1787 2804 interioris,
1823 2762 1931 2795 nam
1969 2746 2167 2806 Rachel,
2208 2764 2314 2813 quae
2350 2748 2429 2796 hie

441 2813 509 2861 est
533 2813 700 2863 mulier
726 2831 849 2872 mea,
872 2814 1178 2879 ‘repraesentat
1194 2811 1490 2862 affeetionem
1513 2812 1608 2861 veri
1630 2812 1878 2870 interioris,
1914 2825 1965 2861 ut
1982 2814 2114 2880 supra
2137 2814 2379 2863 ostensum.

509 2884 655 2944 3830.
694 2881 823 2948 Qia
852 2881 1034 2946 impleti
1063 2881 1161 2928 dies
1189 2880 1279 2928 mei
1311 2889 1365 2926 ut
1386 2879 1572 2927 veniam
1599 2878 1659 2927 ad
1696 2878 1840 2937 illam,
1876 2881 2004 2944 quod
2039 2881 2265 2945 significet
2302 2881 2430 2946 quod

448 2955 570 2994 nnnc·
592 2944 748 3007 status,
781 2947 959 2998 constat
975 2965 1003 2996 a
1026 2947 1358 3013 fignificatione
1382 2945 1581 3004 dierum,
1615 2946 1742 3011 quod
1768 2947 1853 2995 lint
1875 2946 2030 3006 status,
2065 2950 2124 2997 de
2147 2964 2238 3012 qua
2259 2964 2289 2995 n
2316 2966 2326 2994 :
2353 2962 2432 3009 23.

447 3014 564 3076 487.
587 3016 701 3074 488.
724 3031 849 3079 493⁷.»
866 3018 976 3080 893.
1003 3018 1150 3080 2788.
1176 3014 1324 3078 3462.
1351 3016 1517 3077 3785;
1550 3012 1676 3078 quod
1706 3012 1890 3079 impleti
1913 3015 2000 3062 lint
2021 3014 2133 3072 dies,
2169 3027 2222 3062 ut
2248 3014 2432 3062 veniam

443 3076 504 3127 ad
529 3078 676 3141 illam,
710 3080 936 3147 fignifieet
963 3081 1095 3147 quod
1126 3079 1265 3134 status
1295 3077 1377 3130 illo
1411 3094 1539 3128 nunc
1571 3080 1643 3140 fit,
1680 3092 1809 3147 patet
1836 3078 2004 3145 absque
2034 3081 2349 3147 explicatione.

1325 3212 1463 3276 Ttt
1497 3227 1524 3260 2
2048 3227 2053 3230 ·
2284 3214 2430 3275 3831.
