2872 3730
553 288 703 361 '1'9'4
969 277 2037 348 JGENE-SIS.

630 402 771 462 3183.
808 399 874 448 Et
907 403 1131 450 nutricem
1170 402 1280 466 ejuS,
1316 402 1442 466 quod
1482 402 1701 466 significet
1738 401 1793 450 ab
1831 403 2084 450 innocentia
2113 416 2219 466 quae
2257 401 2340 460 illi,
2377 398 2548 469 nempe

557 478 696 525 quam
735 481 918 531 quoque
957 468 1184 525 miserunt,
1222 469 1308 516 hoc
1346 468 1426 525 est,
1462 467 1713 533 separarunt
1736 486 1761 516 a
1783 468 1841 526 se,
1878 468 2047 517 constat
2070 486 2094 517 a
2118 468 2439 532 significatione
2462 488 2544 520 nu-

557 529 680 576 tricis
712 530 787 578 seu
817 531 1067 590 laetatricis,
1101 535 1231 598 quod
1273 535 1325 581 fit
1361 536 1645 583 innocentia&
1682 534 1921 583 Lactentes
1960 536 2009 582 δε
2035 536 2272 583 Laetantes
2311 535 2544 599 aliquoties

558 594 604 641 in
629 595 782 644 Verbo
811 613 1134 656 memorantur,
1170 601 1219 647 ὅτ
1242 617 1323 664 per
1359 600 1458 648 illos
1491 601 1768 664 significatur
1806 600 1939 648 status
1979 603 2154 665 primus
2189 599 2429 658 infantum,
2465 606 2545 666 qui

557 659 694 708 status
716 665 841 726 quod
864 655 1071 713 fit⁸status
1105 667 1372 713 innocentiae
1396 679 1550 730 patet·,
1587 667 1887 714 introducitur
1917 670 2038 714 enim
2074 667 2230 723 homo,
2268 679 2319 714 ut
2340 668 2544 730 primum

557 726 765 786 nascitur,
803 732 849 776 in
887 730 1048 778 statum
1093 733 1379 788 innocentiae,
1416 745 1468 778 ut
1502 732 1576 781 ille
1611 732 1663 778 fit
1701 732 1887 795 planum
1929 733 2204 796 reliquorum
2242 732 2457 790 statuum,
2494 750 2544 782 ac

557 793 746 841 intimus
768 797 813 842 in
839 796 942 853 illis,
977 799 1056 861 qui
1098 797 1232 845 status
1272 798 1545 862 significatur
1580 799 1625 845 in
1650 798 1804 845 Verbo
1823 814 1902 861 per
1923 799 2188 846 Lactentem
2212 821 2225 854 ;
2262 798 2366 845 dein
2390 801 2436 846 in
2460 799 2544 847 sta·

556 872 657 906 tum
681 861 927 910 affectionis
954 864 1060 910 boni
1092 864 1300 922 caelestiS,
1337 865 1425 912 hoc
1455 864 1538 921 est,
1575 865 1740 912 amoris
1778 879 1883 927 erga
1915 877 2133 927 parentes,
2170 866 2251 927 qui
2283 866 2404 928 apud
2442 865 2541 913 illos
2607 876 2609 879 ’

554 926 618 971 est
643 926 742 973 loco
764 930 927 975 amoris
950 930 997 976 in
1024 930 1297 987 Dominum,
1333 930 1405 977 hic
1445 930 1581 978 status
1618 929 1893 993 significatur
1930 946 2010 994 per
2031 929 2290 985 Infantem,
2325 929 2475 994 postea
2496 935 2542 979 in

554 991 719 1039 statum
759 993 1004 1060 affectionis
1040 995 1146 1042 boni
1185 995 1435 1059 spirituali5‚
1471 996 1542 1043 seu
1567 998 1731 1044 amoris
1755 997 1920 1053 mutui,
1955 996 2042 1058 hoc
2066 996 2145 1053 est,
2180 995 2403 1043 charitatis
2435 1013 2542 1060 erga

553 1058 822 1115 confimileS,
860 1061 939 1121 qui
979 1060 1115 1107 status
1159 1062 1435 1123 significatur
1474 1078 1554 1124 per
1592 1077 1789 1124 pueros;
1825 1077 1932 1109 cum
1955 1061 2101 1110 adhuc
2136 1063 2281 1125 magis
2314 1062 2540 1121 adolescit,

552 1125 599 1171 in
625 1125 786 1171 statum
807 1124 1053 1172 affectionis
1074 1128 1186 1182 veri,
1223 1127 1296 1173 hic
1319 1126 1594 1189 significatur
1615 1143 1695 1190 per
1709 1125 1914 1188 juvenes,
1950 1127 2178 1190 sequentes
2215 1138 2366 1175 autem
2403 1127 2540 1177 status

551 1206 633 1252 per
655 1190 791 1245 viros,
827 1191 876 1238 ὅτ
901 1191 1080 1238 tandem
1117 1207 1196 1255 per
1234 1190 1394 1255 senes,
1427 1191 1617 1239 ultimus
1655 1192 1730 1238 hic
1769 1190 1921 1247 status,
1969 1194 2049 1255 qui
2090 1208 2170 1255 per
2215 1191 2333 1239 senes
2370 1194 2541 1255 fignifi-

552 1269 711 1312 catur,
747 1255 809 1303 est
832 1256 966 1304 status
992 1256 1234 1321 sapientiae,
1270 1259 1315 1304 in
1351 1272 1443 1321 qua
1478 1258 1731 1305 innocentia
1770 1256 1985 1314 infantiae,
2022 1258 2081 1304 ita
2112 1258 2287 1320 primus
2326 1256 2462 1305 status
2490 1261 2541 1308 δε

550 1322 740 1369 ultimus
765 1324 999 1381 uniuntur,
1034 1339 1084 1371 ac
1107 1323 1249 1371 homo
1280 1340 1387 1371 cum
1426 1321 1571 1380 senex,
1607 1324 1719 1371 ficut
1753 1323 1916 1371 iterum
1948 1320 2092 1371 infans
2115 1322 2190 1370 sed
2211 1321 2377 1386 sapiens
2399 1325 2540 1374 intro·

550 1388 733 1435 ducitur
757 1390 802 1435 in
827 1390 1045 1452 Regnum
1071 1391 1292 1437 Domini:
1329 1389 1434 1437 inde
1455 1389 1653 1437 constare
1675 1388 1837 1453 potest,
1872 1389 1999 1453 quod
2023 1389 2280 1437 Innocentia
2312 1389 2366 1436 sit
2405 1389 2539 1439 status
2603 1407 2606 1410 ·

549 1455 740 1516 primus,
777 1457 857 1519 qui
877 1456 941 1503 est
963 1455 1196 1513 lactentis3
1233 1455 1324 1520 ipsa
1353 1456 1515 1503 lactans
1546 1454 1618 1502 seu
1649 1455 1851 1503 lactatrix
1885 1455 1990 1503 inde
2012 1471 2197 1520 quoque
2227 1451 2449 1519 fignificat
2471 1458 2540 1505 in-

549 1523 820 1579 nocentiam,
856 1538 961 1570 nam
987 1522 1133 1569 dantis
1157 1525 1205 1571 &
1228 1524 1498 1585 recipientiS,
1534 1521 1646 1569 ficut
1667 1522 1839 1585 agentis
1871 1523 1921 1569 &
1945 1524 2169 1585 patientis,
2204 1521 2359 1569 similis
2392 1526 2536 1586 perci-

520 1587 671 1649 ,pitur
694 1586 856 1636 status:
894 1589 1060 1636 dicitur
1097 1589 1172 1635 hic
1209 1588 1337 1650 quod
1377 1586 1576 1634 miserint
1613 1588 1750 1634 etiam
1790 1588 2013 1634 nutricem
2051 1586 2126 1634 seu
2150 1586 2439 1643 lactatricem,
2475 1587 2537 1636 ob

548 1651 742 1709 causam,
778 1666 831 1701 ut
854 1653 1170 1700 describeretur
1201 1653 1378 1700 affectio
1415 1653 1527 1708 veri,
1562 1652 1688 1715 quod
1726 1667 1891 1715 nempe
1927 1652 2032 1699 effet
2071 1651 2128 1698 ab
2165 1653 2432 1709 innocentia,
2469 1652 2563 1701 af-¹

547 1716 682 1766 sectio
725 1720 849 1766 enim
887 1721 983 1766 veri
1018 1735 1111 1766 non
1149 1717 1211 1766 est
1247 1718 1424 1766 affectio
1463 1719 1576 1774 veri,
1611 1717 1691 1765 nisi
1723 1718 1768 1764 in
1804 1718 1879 1764 illa
1910 1717 1965 1765 sit
1997 1718 2266 1775 innocentia,
2301 1734 2362 1766 n:
2390 1720 2531 1781 2526.

550 1788 692 1850 2780.
719 1799 838 1848 3111
866 1807 880 1840 ·,
914 1801 994 1849 per
1017 1785 1317 1833 innocentiam
1353 1785 1476 1831 enim
1509 1784 1658 1831 influit
1677 1784 1908 1831 Dominus
1931 1785 1977 1831 in
1999 1783 2280 1831 affectionem
2303 1784 2446 1841 illam,
2481 1786 2534 1833 &

544 1851 734 1913 quidem
778 1867 885 1898 cum
932 1850 1180 1915 sapienda,
1207 1867 1312 1899 nam
1357 1866 1463 1898 vera
1506 1849 1758 1898 innocentia
1802 1849 1865 1897 est
1909 1849 2002 1913 ipsa
2037 1848 2272 1912 sapientia,
2322 1850 2530 1902 videatur

546 1933 607 1964 n:
633 1934 775 1982 2305.
805 1918 931 1981 2306
951 1939 966 1974 3
1003 1920 1051 1965 &
1088 1920 1168 1982 qui
1206 1920 1252 1964 in
1294 1916 1370 1965 illa
1403 1918 1518 1973 sunt,
1567 1927 1780 1980 apparent
1817 1916 1863 1961 in
1896 1914 2039 1963 oculis
2074 1914 2341 1977 angelorum
2374 1926 2426 1962 ut
2461 1918 2532 1965 in-

544 1982 700 2040 fantes,
736 2001 796 2032 n:
829 2001 934 2046 154.
963 1985 1104 2048 2306.
1163 1984 1308 2049 Qod
1333 1983 1523 2031 LaCtens
1547 1982 1593 2029 in
1615 1982 1771 2030 Verbo
1794 1981 2014 2045 fignificet
2037 1981 2356 2038 innocentiam,
2392 1982 2530 2030 etiam

544 2049 600 2096 ab
632 2050 728 2099 aliis
758 2050 869 2098 locis
898 2062 1036 2114 patet,
1072 2063 1124 2098 ut
1147 2051 1268 2114 apud
1289 2048 1536 2105 Davidem,
1574 2054 1609 2075 “
1632 2049 1709 2096 Ex
1732 2064 1807 2096 ore
1830 2047 2050 2110 Infantum
2075 2048 2122 2095 &
2137 2048 2407 2095 Lactentium
2425 2045 2531 2096 fun-

537 2115 654 2163 'dasti
702 2115 886 2173 robur‚'’
910 2131 912 2133 ’
932 2116 1110 2165 Psalm:
1138 2133 1271 2164 vi11:
1299 2134 1343 2178 3.
1396 2114 1577 2163 Matth:
1604 2130 1721 2162 xxm
1755 2115 1810 2163 16
1837 2136 1851 2170 3
1899 2113 1977 2160 ubi
2004 2111 2204 2160 'infantes
2251 2129 2336 2176 pro
2375 2129 2529 2162 amore

542 2182 731 2239 coelesti,
782 2183 990 2229 lactentes
1026 2199 1111 2246 pro
1151 2184 1433 2229 innocentia:
1486 2181 1607 2245 apud
1631 2182 1895 2242 Jeremiam,
1949 2184 1982 2206 “
2008 2180 2164 2240 Quare
2198 2194 2282 2226 vos
2319 2176 2527 2228 facientes

541 2248 715 2295 malum
739 2264 956 2311 magnum
983 2262 1137 2296 contra
1158 2249 1325 2296 animas
1348 2247 1529 2302 vestras,
1564 2246 1619 2293 ad
1640 2245 1945 2294 excidendum
1969 2245 2099 2292 vobis
2121 2246 2273 2292 virum
2305 2245 2354 2292 &
2379 2243 2526 2293 faemi-

540 2329 661 2371 nam,
697 2315 908 2376 Infantem
932 2314 981 2360 δε
1009 2316 1252 2363 Ᾰαέἰεηίεφη
1274 2331 1299 2361 e
1331 2313 1486 2361 medio
1511 2312 1722 2374 Jehudae,
1759 2325 1811 2359 ut
1843 2327 1935 2359 non
1973 2311 2162 2375 reliquas
2202 2309 2363 2366 faciam
2395 2313 2527 2359 vobis

537 2380 792 2443 reliquias,''
816 2396 963 2428 xuv:
995 2398 1054 2445 7,
1091 2381 1169 2428 ubi
1191 2378 1334 2427 infans
1356 2381 1405 2427 &
1431 2379 1592 2431 lactens
1618 2378 1819 2426 similiter
1850 2393 1939 2442 pro
1968 2377 2138 2425 coelesti
2176 2393 2328 2424 amore
2351 2377 2401 2424 δε
2428 2376 2522 2442 ejus

538 2447 805 2503 innocentia,
841 2463 946 2510 quae
969 2463 1077 2495 cum
1101 2447 1224 2494 nulla
1247 2447 1379 2504 fiunt,
1415 2458 1525 2493 tunc
1549 2462 1640 2493 non
1661 2446 1856 2509 amplius
1878 2440 2041 2508 aliquae
2069 2443 2287 2508 reliquiae,
2325 2444 2410 2491 hoc
2443 2443 2522 2501 est,

537 2528 628 2558 non
668 2513 836 2574 aliquid
875 2514 1047 2559 bonurn
1079 2514 1129 2560 &
1154 2529 1314 2560 verum
1347 2515 1394 2560 in
1428 2514 1603 2560 interno
1633 2512 1815 2558 homine
1839 2528 1862 2558 a
1885 2512 2092 2558 Domino
2115 2510 2399 2556 reconditum
2425 2526 2522 2557 ma-

536 2593 662 2632 nens,
697 2579 822 2639 quod
847 2578 944 2624 haec
967 2579 1051 2625 sint
1087 2579 1305 2640 reliquiae,
1340 2578 1548 2625 videatur
1569 2595 1627 2624 n:
1656 2578 1792 2640 1906.
1819 2581 1978 2634 22843
2015 2576 2167 2621 omnia
2189 2575 2310 2620 enim
2334 2573 2452 2622 bona
2471 2575 2521 2622 ὅτ

510 2671 513 2674 <
537 2657 641 2688 vera
661 2655 847 2704 pereunt
871 2658 978 2698 cum
1004 2644 1271 2697 innocentia,
1307 2642 1369 2688 est
1389 2643 1510 2687 enim
1537 2644 1787 2687 innocentia
1820 2638 2092 2686 immediate
2119 2655 2175 2685 ex
2207 2637 2302 2702 ipso
2327 2639 2517 2696 Divino,

536 2709 597 2753 ita
632 2707 696 2753 est
723 2707 868 2769 ipsum
900 2708 1114 2754 essentiale
1147 2711 1193 2754 in
1227 2708 1343 2753 illis:
1379 2707 1500 2769 apud
1525 2706 1756 2762 Eundem,
1794 2711 1828 2731 “
1852 2705 2001 2767 fizfans
2025 2705 2075 2752 δε
2093 2706 2274 2752 Ζαὲῖεης
2297 2704 2452 2752 deficit
2473 2707 2518 2752 in

535 2774 689 2836 plateis
728 2774 898 2829 urbis,”
925 2773 1079 2819 Thi-en
1102 2792 1112 2820 :
1143 2790 1183 2820 11
1206 2791 1217 2820 :
1249 2775 1322 2829 rr,
1359 2772 1587 2818 similiter:
1625 2772 1743 2834 apud
1769 2772 2001 2826 Eundem,
2040 2776 2072 2797 “
2099 2770 2289 2817 Ealaenae
2312 2771 2518 2834 praeb'ent

536 2855 803 2894 mammam,
852 2841 1043 2887 Ladan-t
1078 2839 1213 2901 faetus
1249 2841 1379 2901 suos;
1428 2839 1519 2884 filia
1558 2837 1716 2900 populi
1756 2838 1846 2884 mei
1879 2836 2088 2892 crudelis,
2135 2836 2321 2883 adhaefit
2357 2837 2515 2900 lingua

533 2906 753 2952 Ladentis
776 2905 922 2968 palato
944 2904 1038 2968 ejus
1063 2907 1108 2952 in
1133 2905 1232 2960 fiti;
1268 2904 1459 2966 Infantes
1489 2907 1711 2966 petierunt
1751 2919 1931 2965 panem,
1967 2903 2200 2965 porrigens
2241 2918 2333 2950 non
2370 2902 2512 2959 illis‚'’

533 2972 580 3017 's
582 2972 719 3017 hren:
750 2987 827 3018 1v:
854 2989 895 3034 3.
923 2990 988 3030 43
1037 2972 1199 3018 lactens
1237 2972 1372 3018 etiam
1411 2986 1496 3032 pro
1535 2970 1801 3025 innocentia,
1854 2967 2038 3015 infantes
2078 2985 2163 3031 pro
2202 2968 2512 3016 affectionibus

532 3035 666 3084 boni:
705 3037 824 3100 apud
849 3037 1029 3093 Mosen,
1067 3044 1099 3064 “
1125 3039 1254 3085 Foris
1289 3036 1464 3083 orbabit
1503 3035 1697 3098 gladius,
1733 3036 1780 3082 &
1805 3052 1829 3081 e
1860 3034 2148 3082 conclavibus
2186 3047 2341 3090 terror,
2377 3036 2509 3081 etiam

519 3101 756 3166 juvenem,
793 3105 926 3149 etiam
950 3105 1191 3166 virginem,
1242 3106 1374 3150 etiam
1400 3104 1642 3149 LaHentem
1681 3117 1787 3149 cum
1833 3102 1929 3147 viro
1968 3099 2116 3156 sene,’'
2151 3102 2303 3148 Deut:
2331 3116 2507 3147 xxxxi:

523 3187 623 3231 ³²53
661 3169 834 3217 orbabit
858 3170 1034 3234 gladius
1052 3169 1287 3234 juvenem,
1323 3169 1565 3233 virginem,
1603 3167 1836 3215 lactentem
1869 3182 1976 3214 cun]
2002 3168 2101 3214 viro
2125 3166 2240 3225 sene,
2276 3183 2360 3279 pus)
2377 3166 2510 3278 l(faed.

2352 3248 2374 3279 a
2411 3248 2510 3288 um,
