2872 3730
596 190 938 254 CAPUT
984 186 1552 251 VIGESIMUM
1603 180 1805 264 QUA
1831 138 2150 250 RTUM.
2289 163 2454 274 195'

414 320 597 380 falsum,
633 323 829 372 destruet
850 322 1132 370 affectionem
1156 319 1251 365 veri
1275 319 1323 365 δε
1347 317 1633 365 affeffionem
1655 315 1781 371 boni,
1817 326 1951 378 atque
1974 315 2275 366 innocentiam
2299 334 2407 366 cum

402 388 625 452 sapientia
645 413 659 447 3
691 392 819 454 ‘apud
843 382 1036 442 Esaiam,
1073 389 1108 412 “
1133 384 1343 432 Afferent
1365 385 1484 430 filios
1506 395 1609 430 tuos
1631 383 1679 445 in
1703 381 1816 436 sinn,
1853 382 1902 428 &
1927 379 2034 427 filiae
2058 393 2150 428 tuae
2173 383 2303 448 super
2322 386 2405 432 hu-

413 471 541 503 mero
563 458 939 521 apporta-buntur,
975 452 1025 499 &
1063 461 1195 497 erunt
1230 465 1359 512 reges
1398 450 1573 496 nutritii
1607 450 1690 505 tui,
1724 448 1775 494 &
1800 446 2002 494 dominae
2042 446 2224 495 illorum
2245 452 2406 498 Lafft'a-

413 524 540 569 trices
559 522 695 578 tuae,''
718 535 836 567 xmx
856 538 868 567 ε
890 529 966 568 2‘2.
995 534 1054 580 23
1078 538 1092 571 ;
1129 532 1257 579 reges
1282 516 1454 562 nutritii
1479 529 1564 577 pro
1592 513 1905 576 intelligentia,
1940 512 2144 560 dominae
2169 514 2418 573 lastatrices

399 596 498 650 ‘pro
512 586 741 650 sapientia,
776 599 881 648 quae
903 583 1030 647 quod
1053 583 1105 630 fit
1129 583 1415 639 innocentiae,
1452 580 1584 643 supra
1606 579 1783 627 diftum
1807 578 1883 626 est.

475 657 641 715 '3184'
661 652 726 699 Et
750 649 928 708 servum
953 648 1203 696 Abrahami
1230 650 1279 695 ὅτ
1300 649 1424 696 viros
1449 645 1562 710 ejus,
1598 646 1727 711 quod
1759 645 1980 709 significet
2010 661 2035 692 a
2055 646 2237 693 Divinis
2262 647 2306 694 in
2331 666 2402 695 na-

412 718 542 765 turali
574 718 776 773 homine,
820 715 991 764 constat
1029 732 1055 762 a
1094 715 1416 778 significatione
1458 713 1571 760 servi
1612 713 1879 768 Abrahami,
1930 712 2059 775 quod
2103 712 2157 759 fit
2200 716 2407 761 naturalis

411 782 568 840 ho'mo,
604 783 662 830 de
685 799 776 846 qua
798 799 856 830 n:
886 799 1029 848 3019.
1058 798 1219 846 30203
1253 783 1304 829 &
1340 798 1364 828 a
1399 779 1726 844 significatione
1763 780 1969 825 virorum
2006 776 2122 841 ejus,
2156 779 2282 842 quod
2321 781 2404 827 smt

403 850 563 896 omnia
585 865 692 913 quae
716 849 795 906 ibi,
832 849 890 896 de
912 865 1003 912 qua
1025 865 1084 896 n:
1115 851 1274 913 3169·,
1310 847 1436 911 quod
1478 846 1563 892 smt
1586 846 1758 892 Divina
1787 846 1834 892 in
1870 845 2056 891 naturali
2090 844 2292 901 homine,
2329 863 2405 910 pa-

408 926 488 972 tet,
524 916 630 978 quia
669 913 758 963 fuit
791 916 943 962 miffus
978 914 1035 962 ab
1058 914 1338 971 Abrahamo‚
1374 914 1454 977 qui
1486 911 1611 976 quod
1636 912 1865 958 Divinum
1887 911 2081 958 Domini
2106 911 2407 974 repraesentet,

389 979 531 1044 ‘prius
558 976 789 1030 multoties
812 980 1052 1029 ostensum.

480 1052 620 1111 3185.
658 1049 720 1096 Et
746 1047 1069 1096 benedixerunt
1094 1046 1317 1095 Rebeccae
1351 1045 1401 1092 δε
1425 1046 1639 1093 dixerunt
1662 1044 1744 1101 illi,
1780 1043 1907 1108 quod
1929 1043 2150 1107 significet
2172 1045 2330 1091 votiva
2349 1063 2404 1092 ex

410 1113 700 1163 illustrat-ione
726 1116 910 1172 Divina,
946 1113 1118 1162 constat
1142 1129 1166 1160 a
1195 1112 1522 1177 significatione
1560 1111 1837 1167 benedicere,
1873 1110 2059 1173 quando
2097 1111 2199 1157 vale
2237 1111 2407 1159 dicitur

406 1180 609 1237 abeunti,
645 1180 773 1245 quod
811 1180 865 1227 fit
905 1178 1045 1227 fausta
1079 1194 1280 1235 vovere,
1318 1177 1389 1225 hic
1414 1177 1542 1240 quod
1582 1192 1640 1224 ex
1671 1175 1960 1224 illustratione
1983 1177 2171 1233 Divina,
2206 1189 2328 1240 patet
2350 1194 2407 1224 ex

410 1244 627 1310 illisquae
650 1262 762 1294 mox
784 1245 1046 1310 sequuntur,
1081 1257 1183 1293 tum
1214 1246 1320 1309 quia
1339 1243 1582 1291 illustratio
1611 1243 1765 1290 influit
1799 1244 1847 1289 in
1888 1242 2133 1290 naturalem
2171 1241 2406 1291 hominem

396 1323 490 1375 *per
514 1312 798 1360 affeffionem
825 1313 951 1369 Veri,
984 1327 1092 1377 quae
1115 1311 1336 1368 Rebecca,
1372 1326 1482 1359 cum
1507 1310 1706 1358 initiatur
1729 1308 1869 1367 bono,
1904 1309 2031 1372 quod
2054 1308 2305 1370 Jischakus.

479 1379 619 1442 3186.
641 1379 795 1441 *Soror
832 1378 984 1427 nostra
1018 1391 1070 1426 tu
1110 1378 1165 1425 fis
1204 1379 1251 1425 in
1286 1375 1427 1424 millia
1463 1376 1696 1440 myriadiS,
1728 1376 1859 1439 quod
1899 1375 2120 1439 significet
2159 1375 2408 1425 affeffionis

407 1447 502 1492 veri
541 1443 936 1493 fructificationem
972 1447 1020 1493 in
1058 1445 1309 1501 infinitum,
1344 1442 1516 1491 oonstat
1537 1459 1595 1490 ex
1618 1441 1943 1506 significatione
1972 1441 2149 1499 sororis,
2184 1458 2291 1505 quae
2313 1444 2406 1490 Re-

405 1508 558 1567 Becca,
593 1507 720 1574 quod
759 1511 814 1558 s1t
850 1512 1029 1560 affectio
1065 1513 1177 1567 veri,
1213 1510 1269 1557 de
1302 1525 1393 1572 qua
1430 1526 1488 1557 n:
1517 1524 1661 1573 3077.
1690 1524 1832 1573 3179.
1859 1512 2018 1571 31823
2053 1509 2103 1556 &
2127 1525 2152 1555 a
2187 1509 2406 1572 fignifica-

406 1578 529 1623 tione
547 1576 605 1622 fis
624 1578 672 1623 in
698 1575 837 1623 millia
860 1577 1091 1639 myriadiS,
1126 1575 1255 1639 quod
1278 1575 1332 1621 fit
1354 1573 1642 1622 fructificatio
1665 1575 1711 1620 in
1734 1575 1982 1631 infinitum,
2019 1574 2159 1624 millia
2196 1575 2411 1637 myriadis

406 1641 605 1688 hicsunt
628 1642 878 1698 infinitum,
913 1642 1020 1706 quia
1051 1641 1203 1704 agitur
1239 1640 1297 1687 de
1328 1641 1554 1697 Domino,
1589 1641 1636 1686 in
1660 1640 1775 1702 Qo
1810 1641 1966 1687 omnia
2005 1642 2054 1687 δε
2095 1640 2268 1703 lingula
2305 1641 2408 1688 sunt

407 1707 611 1755 infinita-z
643 1707 771 1772 apud
809 1707 1044 1756 hominem
1069 1706 1268 1755 sehabet
1290 1706 1384 1762 ita,
1421 1722 1514 1754 non
1538 1707 1663 1769 prius
1685 1704 2017 1753 fructificantur
2041 1706 2175 1762 bona,
2211 1722 2262 1753 ac
2287 1706 2405 1754 mul-

406 1774 669 1838 tiplicantur
690 1790 796 1823 vera
819 1774 941 1838 apud
966 1774 1115 1832 illum,
1150 1789 1290 1838 quam
1313 1788 1423 1822 cum
1445 1771 1706 1837 conjunctio
1744 1770 1859 1819 fasta
1879 1773 1974 1819 veri
1998 1772 2048 1820 &
2073 1772 2180 1820 boni
2204 1773 2251 1820 in
2275 1774 2408 1821 ratio-

408 1840 496 1888 nali
519 1838 632 1903 ejus,
667 1840 756 1889 hoc
774 1841 854 1897 est,
889 1857 998 1888 cum
1023 1853 1325 1905 regeneratus,
1361 1852 1471 1888 tunc
1500 1841 1625 1887 enim
1661 1837 1834 1886 fruetus
1856 1837 1931 1886 seu
1953 1837 2097 1886 foetus
2120 1855 2177 1887 ex
2200 1838 2411 1904 legitimo

394 1906 481 1952 ‘seu
504 1905 675 1953 coelesti
697 1905 931 1970 conjugio,
965 1908 1094 1971 quod
1116 1906 1180 1954 est
1201 1907 1310 1955 boni
1332 1907 1382 1955 δε
1407 1907 1519 1964 veri,
1554 1904 1786 1961 existunt,
1821 1907 1947 1969 prius
1979 1905 2168 1970 quidem
2193 1919 2410 1970 apparent

407 1971 526 2020 bona
564 1988 671 2036 quae
710 1971 818 2021 facit
844 1975 991 2022 etiam
1031 1974 1144 2022 ficut
1181 1972 1316 2031 bona,
1351 1974 1402 2022 δε
1426 1989 1532 2021 vera
1554 1972 1668 2020 ficut
1690 1987 1810 2029 vera,
1847 1971 1919 2019 sed
1945 1988 2037 2020 non
2070 1970 2172 2020 sunt
2194 1974 2407 2035 genuina,

408 2055 513 2087 nam
539 2037 630 2102 ipsa
651 2042 818 2095 anima,
836 2054 959 2102 >quae
997 2039 1061 2087 est
1100 2039 1275 2087 bonum
1298 2040 1343 2087 in
1368 2055 1464 2104 quo
1487 2040 1743 2088 innocentia
1763 2055 1790 2086 a
1813 2039 2034 2096 Domino,
2070 2054 2164 2086 non
2187 2038 2314 2096 inest,
2350 2040 2411 2086 ita

407 2121 490 2152 nec
523 2105 724 2153 afficiunt
762 2105 1016 2162 hominem,
1052 2107 1102 2154 δε
1125 2104 1294 2153 faciunt
1316 2106 1447 2153 illum
1469 2104 1664 2163 felicem,
1701 2105 1881 2154 affeffio
1914 2105 2081 2153 amoris
2112 2106 2162 2153 &
2187 2105 2411 2154 charitatis

406 2187 516 2219 cum
558 2169 694 2228 felici,
729 2182 836 2236 quae
874 2170 1037 2230 anima,
1073 2173 1205 2219 datur
1240 2188 1264 2219 a
1298 2173 1524 2229 Domino,
1559 2174 1668 2220 cum
1709 2184 1994 2236 regeneratur
2032 2173 2188 2221 homo.
2261 2171 2408 2238 Qod

392 2253 488 2300 per
513 2237 634 2284 mille
658 2238 936 2301 significetur
969 2239 1189 2296 multum,
1224 2251 1326 2287 tum
1367 2238 1616 2295 infinitum,
1652 2238 1860 2286 videatur
1882 2255 1943 2287 n:
1972 2255 2118 2304 2575,
2155 2240 2302 2303 magis
2327 2238 2407 2285 ad¹⁴

407 2303 499 2350 huc
522 2318 602 2365 per
625 2305 897 2365 myriadem,
931 2305 982 2353 &
1021 2306 1169 2353 adhuc
1209 2307 1355 2368 magis
1391 2320 1469 2369 per
1510 2305 1652 2353 millia
1689 2305 1920 2367 myriadis,
1959 2318 2010 2352 ut
2045 2321 2230 2368 quoque
2265 2304 2369 2351 alibi
2388 2326 2405 2360 ς

407 2368 528 2436 apud
555 2367 736 2424 Mosen,
776 2373 808 2395 “
834 2370 959 2416 Cum
998 2370 1248 2433 quiescebat
1283 2386 1396 2426 arca,
1432 2371 1566 2427 dixit,
1602 2370 1696 2416 redi
1719 2370 1941 2431 Jehovah,
1987 2370 2191 2431 mriades
2229 2371 2407 2418 millium

406 2434 624 2490 Israelis,’'
647 2434 812 2484 Num:
839 2450 898 2482 x:
929 2436 1007 2498 36,
1046 2435 1122 2482 ubi
1153 2451 1235 2499 per
1271 2435 1496 2499 myriades
1526 2435 1724 2482 millium
1763 2437 1902 2482 etiam
1939 2435 2215 2499 significatur
2252 2436 2405 2483 infini-

403 2512 525 2557 tum,
560 2501 669 2562 quia
691 2501 967 2564 praedicatur
989 2501 1045 2548 de
1066 2502 1290 2559 Domino,
1325 2501 1494 2565 qui-ibi
1517 2500 1724 2563 Jehovah
1743 2518 1755 2548 ε
1790 2500 1913 2564 apud
1936 2500 2170 2558 Eundem,
2207 2506 2242 2528 “
2265 2502 2405 2563 jeho-

402 2567 492 2614 vah
515 2579 696 2614 exortus
717 2566 774 2613 de
798 2567 895 2614 Seir
926 2566 1030 2623 illis,
1065 2567 1347 2631 exsplenduit
1376 2567 1434 2614 de
1466 2578 1622 2618 monte
1643 2568 1801 2623 Paran,
1836 2567 1887 2613 ὅτ
1910 2568 2036 2615 venit
2057 2583 2115 2614 ex
2129 2569 2406 2632 Myriadibus

402 2632 690 2690 sanffitatis,'’
722 2634 874 2681 Deut:
901 2647 1095 2681 xxxin:
1125 2650 1170 2690 2,
1207 2633 1429 2697 myriades
1464 2633 1605 2680 etiam
1644 2649 1730 2697 pro
1766 2631 1972 2681 infinito:
2008 2634 2130 2698 apud
2152 2635 2401 2693 Davidem,

406 2704 440 2726 “
475 2700 648 2747 Currus
686 2700 775 2747 Dei
815 2698 1019 2762 myriades
1058 2699 1234 2748 millium
1274 2699 1621 2764 pacificorum,'’
1655 2698 1835 2747 Psalm:
1863 2714 2060 2748 vanrz
2093 2705 2168 2757 18,
2226 2701 2400 2750 Currus

404 2766 494 2813 Dei
517 2781 602 2830 pro
629 2766 718 2813 illis
747 2779 852 2829 quae
888 2765 990 2813 sunt
1009 2765 1151 2814 Verbi
1184 2781 1234 2814 ac
1268 2765 1372 2814 inde
1392 2765 1647 2823 Dofflinae,
1684 2765 1907 2829 myriades
1946 2766 2145 2815 millium
2185 2783 2272 2831 pro
2297 2769 2399 2817 infi-

407 2833 511 2879 nitis
543 2848 649 2896 quae
680 2832 743 2879 ibi
764 2850 773 2879 :
810 2832 932 2896 apud
956 2831 1233 2893 johannem,
1271 2837 1305 2861 “
1329 2832 1441 2879 Vidi
1464 2833 1514 2880 δε
1539 2832 1694 2879 audivi
1717 2838 1881 2879 vocem
1902 2833 2193 2895 Angelorum
2229 2834 2399 2882 multo-

405 2913 510 2946 rum
549 2899 665 2946 circa
700 2898 933 2956 thronum,
985 2912 1078 2946 erat
1117 2914 1334 2947 numerus
1368 2898 1551 2946 illorum
1591 2898 1793 2961 myriades
1831 2899 2080 2961 myriadum,
2117 2901 2164 2949 &
2190 2899 2401 2950 chiliades

404 2963 700 3022 chiliadum,’'
723 2967 888 3028 Apoc:
913 2981 972 3012 v:
1004 2983 1022 3015 1
1037 2983 1078 3023 1,
1113 2982 1198 3029 pro
1219 2964 1635 3013 innumerabilibus.
2354 2991 2357 2994 ·

477 3035 617 3094 3187.
653 3030 718 3078 Et
742 3030 977 3079 haereditet
1003 3031 1151 3080 semen
1181 3045 1317 3080 tuum
1356 3044 1535 3095 portam
1575 3031 1756 3080 osorum
1793 3043 1998 3090 tuorum,
2031 3032 2159 3096 quod
2181 3032 2398 3096 significet

408 3093 626 3155 Regnum
649 3097 885 3160 Spirituale
905 3098 1100 3145 Domini
1123 3113 1181 3146 ex
1201 3096 1419 3162 conjugio
1439 3097 1549 3145 boni
1574 3099 1623 3145 δε
1645 3099 1740 3146 veri
1778 3099 1824 3145 in
1847 3100 2024 3146 Divino
2045 3099 2288 3156 Humano,
2324 3102 2398 3147 cui

407 3157 575 3224 Regno
592 3161 854 3213 charitas&
879 3163 1007 3222 fides,
1042 3164 1122 3213 ubi
1145 3165 1270 3228 prius
1294 3164 1544 3279 maiani&
1568 3161 1748 3222 falsum,
1785 3164 1983 3214 constare
2022 3165 2169 3229 potest
2204 3180 2261 3214 ex
2295 3165 2399 3220 illis,

398 3269 403 3272 -
1522 3248 1548 3281 2
2302 3246 2407 3292 quae
