2904 3750
699 239 1035 306 CAPUT
1081 233 1634 331 VIGESI-MUM
1682 234 2058 303 NoNuM.
2235 264 2364 328 525

389 372 447 420 de
467 384 558 436 qua
579 368 702 435 prius
722 390 740 426 3
773 369 823 417 ὅτ,
849 385 875 416 a
897 366 1222 431 significatione
1243 367 1421 424 sterilis,
1441 365 1567 429 quod
1586 363 1639 412 fit
1655 363 1784 426 quod
1807 363 1906 410 inde
1931 380 2021 411 non
2046 365 2281 425 dofirinae‚
2306 369 2373 416 ita-

388 434 735 490 necEcclefiae3
769 436 1021 500 opponitur
1042 435 1162 482 enim
1187 433 1273 480 illis
1294 447 1403 496 quae
1425 433 1482 479 de
1498 430 1630 478 Leah
1651 429 1881 486 dicuntur,
1905 444 2070 494 nempe
2086 434 2211 494 quod
2228 434 2366 494 Jehoe

388 504 479 551 vah
503 503 727 567 aperuerit
747 513 931 548 uterum
956 499 1094 555 illius,
1127 513 1207 561 per
1241 513 1347 561 quae
1385 497 1708 559 significatum,
1742 496 1871 558 quod
1904 495 2008 542 inde
2031 495 2246 545 doetrinae
2273 498 2373 547 Ecss-

389 568 649 617 elefiarum:
684 565 811 614 causa
843 563 974 628 quod
1010 564 1220 611 interiora
1257 578 1364 610 vera
1401 578 1499 609 non·
1530 562 1861 625 reciperentur,
1883 559 1964 617 est,
2012 562 2120 623 quia
2157 564 2365 612 interiora

386 649 494 681 vera
515 631 618 680 sunt
638 631 760 687 talia,
797 640 848 676 ut
879 626 1192 676 transcendant
1229 628 1370 676 fidem
1408 628 1624 684 hominis,
1659 627 1835 691 quippe
1874 642 1962 674 non
1986 628 2154 674 cadunt
2177 630 2220 675 in
2243 630 2374 678 ideas·

385 697 500 763 ejus,
534 698 586 745 &
625 712 717 744 non
757 693 1158 751 sunt,‘secundum
1199 695 1482 759 apparentias
1519 705 1723 742 externas
1763 693 1838 739 seu
1863 690 2056 739 fallacias
2079 691 2302 752 sensuum,
2338 712 2371 744 a

387 764 555 829 quibus
576 763 724 812 omnis
748 761 891 809 homo
916 759 958 807 se
982 759 1093 808 duci
1130 762 1326 826 patitur,
1352 775 1436 808 nec
1474 760 1618 808 credit
1657 757 1737 806 nisi
1775 758 1930 822 aliquo
1970 758 2116 806 modo
2155 775 2264 807 cum
2303 763 2370 809 eis·

385 829 674 888 coincidant3
708 840 762 875 ut
799 842 886 891 pro
923 826 1153 891 exemplo,
1189 827 1370 874 interius
1403 841 1565 874 verum
1602 824 1685 880 est,
1727 825 1854 888 quod
1892 836 2116 888 tempora»
2135 825 2187 872 ὅτ
2228 824 2377 890 spatia·

385 896 549 944 dentur
572 896 619 942 in
643 894 779 941 altera
799 894 912 950 vita,
948 891 1023 940 sed
1048 893 1154 941 loco
1177 892 1369 940 illorum
1385 891 1541 949 status,
1578 891 1723 939 homo
1746 893 1826 954 qui
1850 891 1893 937 in
1917 891 2198 955 tempore&
2224 890 2377 956 spatio

383 960 466 1018 est,
503 962 619 1008 dum
641 961 760 1007 vivit
781 959 827 1006 in
849 970 983 1016 terra,
1015 974 1177 1006 omnes
1198 957 1297 1006 suas
1319 959 1441 1006 ideas
1462 958 1519 1005 ab
1541 957 1630 1005 illis
1653 956 1804 1013 habet,
1830 955 1972 1020 usque
1993 956 2109 1004 adeo
2130 969 2188 1005 ut
2202 956 2375 1022 absque

383 1027 475 1075 illis
495 1026 606 1075 nihil
628 1027 766 1091 poffit
787 1023 1007 1087 cogitare,
1041 1041 1072 1072 n
1098 1042 1109 1071 ε
1138 1041 1286 1087 3404,
1321 1039 1460 1088 quare
1484 1023 1562 1072 nifi
1588 1023 1742 1079 status,
1778 1023 1858 1086 qui
1895 1025 1942 1069 in
1974 1023 2109 1070 altera
2142 1025 2250 1081 vita,
2286 1025 2376 1072 de·-

387 1092 686 1141 scriberentur
722 1106 804 1156 per
841 1103 1051 1155 tempora
1083 1092 1134 1139 δε
1168 1092 1312 1155 Δΐρειῐίει
1348 1106 1502 1138 coram
1543 1089 1745 1146 homine,
1782 1089 1855 1135 seu
1879 1104 1960 1153 per
1983 1089 2086 1136 talia
2117 1105 2225 1153 quae
2262 1090 2374 1138 inde

387 1158 574 1206 trahunt
595 1157 783 1213 formaS,
820 1155 931 1204 nihil
956 1157 1233 1221 perciperet,
1259 1157 1322 1204 ita
1355 1157 1463 1204 nihil
1487 1156 1703 1212 crederet,
1726 1154 2051 1218 consequenter
2084 1171 2174 1203 non
2196 1157 2379 1221 recipe--

387 1237 472 1281 ret,
509 1225 572 1271 ita
593 1221 710 1272 foret
733 1221 939 1270 doctrina
960 1222 1132 1278 sterili3‚
1169 1222 1360 1287 proinde
1393 1222 1516 1269 nulla
1536 1221 1766 1271 Ecclesia:
1802 1220 1857 1268 fit
1878 1236 2066 1284 quoque
2104 1237 2192 1285 pro
2214 1238 2375 1271 exem--

386 1290 486 1354 plo,
522 1289 611 1337 nisi·
637 1287 898 1338 affeffiones
932 1287 1135 1336 coelestes
1159 1290 1210 1336 δε
1234 1287 1482 1352 spirituales
1506 1288 1860 1337 describerentur
1892 1303 1972 1350 per
2011 1286 2114 1334 talia
2135 1303 2243 1351 quae
2264 1287 2378 1336 sunt.

385 1355 680 1404 affectionum
708 1355 1039 1402 mundanarum
1062 1354 1113 1403 &
1135 1370 1474 1419 corporearum,
1499 1355 1641 1403 homo
1665 1369 1746 1401 nec
1769 1352 1942 1417 aliquid
1967 1355 2234 1417 perciperet,
2259 1371 2377 1402 nam.

386 1422 435 1469 in
457 1422 527 1470 his
547 1421 627 1478 est,
664 1421 715 1469 δε
740 1420 844 1468 inde
867 1422 1069 1469 notiones
1100 1422 1157 1468 de
1179 1420 1494 1469 affeffionibus
1516 1420 1774 1469 coelestibus
1796 1420 1845 1466 δι
1882 1419 2184 1483 spiritualibus
2206 1420 2370 1468 habere

385 1486 553 1552 potest,
586 1495 700 1536 cum·
734 1498 884 1534 tamen
921 1488 1033 1535 inter
1069 1485 1111 1534 fe
1144 1487 1206 1534 ita
1239 1486 1473 1546 differunt,
1508 1499 1587 1550 aut
1623 1488 1685 1535 ita
1718 1485 1898 1541 distant,
1934 1486 2094 1548 procul
2127 1486 2303 1535 coelum
2342 1503 2379 1535 a·

387 1565 524 1610 terra,
559 1570 622 1602 n:
658 1556 820 1618 1839‘3
854 1563 911 1599 ut·
927 1568 1012 1616 pro
1034 1553 1248 1617 exemplo
1272 1553 1417 1616 gloria
1439 1553 1567 1609 coeli,
1605 1552 1679 1600 seu
1715 1552 1986 1614 angelorum
2028 1552 2072 1598 in
2111 1553 2251 1608 coelo,
2287 1553 2370 1600 nisi

386 1619 533 1668 homo
552 1618 798 1667 secundum
823 1618 971 1666 ideam
996 1618 1158 1682 glor-iae
1180 1633 1287 1682 quae
1310 1618 1383 1665 est.
1397 1619 1442 1666 in
1464 1619 1660 1675 mundo,
1697 1617 1777 1664 fibi
1794 1615 2019 1665 formaret.
2036 1617 2184 1665 ideam
2208 1618 2375 1681 gloriae

388 1685 434 1732 in
470 1684 611 1741 coelo,
646 1700 736 1732 non
776 1694 970 1746 caperet,
1018 1685 1079 1730 ita
1110 1699 1192 1730 nee
1228 1682 1520 1746 agnosceret;
1567 1683 1855 1731 fimilitervin
1897 1682 2124 1730 omnibus„
2151 1683 2331 1747 reliquis
2352 1705 2379 1738 ·,:

389 1762 671 1814 quapropter
692 1749 991 1797 Dominus-in
1016 1747 1175 1796 Verbo
1207 1749 1426 1813 loquutus
1460 1749 1537 1796 est·
1557 1748 1808 1796 secundum
1841 1759 2028 1811 captum
2066 1749 2280 1806 hominis,
2316 1750 2368 1797 δε

387 1815 636 1863 secundum
660 1815 939 1879 apparentias
961 1812 1056 1878 ejus
1075 1835 1097 1869 ς
1125 1812 1270 1862 sensus
1294 1814 1636 1880 Venbivliteralis
1658 1814 1721 1862 est
1745 1813 1862 1869 talis,
1899 1812 1973 1861 sed
2006 1812 2147 1878 usque
2180 1815 2279 1862 talis
2317 1829 2381 1863 ut;

312 1915 318 1918 -
360 1889 362 1894 '
387 1880 561 1928 sensum
584 1883 810 1927 internum
834 1881 880 1926 in
901 1880 944 1927 se
966 1880 1142 1936 habeat,
1156 1880 1212 1927 -in
1234 1895 1331 1943 quo
1352 1881 1557 1929 interiora
1580 1897 1686 1929 vera
1708 1879 1840 1936 sunt·,
1876 1880 1979 1928 inde
2001 1895 2119 1927 nunc
2142 1879 2222 1937 est,
2241 1884 2380 1945 quod·

387 1946 446 1994 ele
471 1946 595 1993 Leah
617 1946 810 2002 dicatur,
844 1945 970 2007 quod
994 1945 1205 2006 Jehovah
1227 1947 1451 2009 aperuerit
1474 1959 1659 1995 uterum
1691 1946 1805 2010 ejus,
1841 1948 1891 1994 ὅτ.
1922 1946 2047 2009 quod
2083 1946 2252 1994 Rachel
2284 1947 2377 1995 ste-

388 2011 499 2068 rilis,
535 2027 615 2075 per
652 2011 797 2058 Leam
839 2011 959 2059 enim
1000 2010 1340 2075 repraesentatur
1374 2011 1556 2060 affectio
1581 2014 1676 2060 veri
1706 2013 1954 2068 exterioris,
1991 2013 2041 2059 &
2077 2028 2159 2077 per
2191 2013 2375 2061 Rache-

390 2078 481 2124 lem
506 2075 689 2125 affefflo
717 2075 816 2123 veri
852 2076 1093 2133 interioris,
1128 2087 1181 2123 ut
1212 2077 1423 2132 dieiunn
1461 2077 1534 2125 sed
1570 2094 1596 2125 a
1633 2079 1841 2126 Domino
1873 2077 2111 2143 provisum
2149 2078 2229 2136 est,
2263 2082 2373 2142 quia

387 2144 609 2191 exteriora
647 2157 768 2198 vera,
818 2139 922 2189 sunt
959 2143 1111 2206 prima
1143 2158 1261 2207 vera,
1310 2159 1418 2206 quae
1460 2143 1605 2191 homo
1640 2144 1787 2200 discit,
1835 2145 1963 2207 quod
2001 2161 2081 2208 per
2117 2144 2192 2192 illa
2229 2147 2379 2193 intro--

388 2209 497 2256 duci
518 2209 654 2273 poffit
676 2209 723 2255 in
747 2208 959 2255 interior-a
982 2224 1104 2264 vera,
1141 2206 1239 2255 haec
1263 2207 1362 2256 sunt
1385 2225 1492 2273 quae
1510 2210 1832 2273 'significantur
1856 2225 1935 2274 per
1968 2210 2096 2272 quod
2121 2212 2248 2258 Deus
2272 2224 2370 2261 tan-

387 2275 495 2322 dem
519 2274 776 2322 recordatus
798 2273 853 2321 fit
875 2274 1100 2331 Rachelis,
1137 2274 1188 2321 &
1212 2275 1493 2323 exaudiverit
1515 2275 1658 2332 illam,
1695 2276 1745 2323 δε
1775 2276 1998 2339 aperuerit
2019 2288 2202 2323 uterum
2230 2277 2381 2334 illius‚.

388 2339 544 2387 Genes
560 2357 572 2387 :
595 2355 689 2386 xxx
712 2357 724 2386 :
745 2355 822 2388 22.
891 2340 1015 2387 Haec
1044 2339 1244 2388 constare
1265 2341 1446 2404 poffunt
1484 2341 1541 2389 ab
1562 2341 1774 2390 Ecclefiis
1808 2357 1916 2404 quae
1947 2341 2004 2388 ab
2025 2342 2234 2405 Antiquo
2251 2354 2377 2390 tem--

387 2420 500 2470 pore
521 2403 719 2461 fuerunt,
753 2405 802 2451 &
826 2403 884 2451 ab
907 2421 1061 2452 earum
1085 2406 1424 2463 doetrinalibus‚
1458 2408 1586 2470 quod
1610 2423 1774 2471 nempe
1803 2407 2067 2455 dostrinalia
2098 2407 2277 2454 illarum
2311 2408 2370 2455 ab

387 2472 580 2519 externis
601 2471 720 2517 veris
749 2468 945 2535 formata
965 2469 1164 2526 fuerint·,
1201 2483 1252 2518 ut
1290 2472 1347 2519 ab
1369 2473 1572 2520 Ecclesia
1597 2475 1806 2536 Antiqua
1843 2488 1949 2537 quae
1981 2471 2069 2519 fuit
2107 2471 2209 2536 post
2247 2473 2378 2521 dila--

388 2537 517 2584 vium
540 2557 558 2592 ·,
589 2534 686 2599 ejus
704 2535 971 2583 dostrinalia
992 2537 1145 2605 quoad
1169 2537 1413 2601 plurimam
1438 2551 1615 2602 partem
1656 2537 1837 2587 fuerunt
1868 2550 2054 2587 externa
2079 2538 2376 2602 repraesenta--

388 2604 484 2650 tiva
507 2601 557 2649 &
585 2601 900 2664 significativa,
937 2603 982 2649 in
1016 2603 1181 2665 quibus
1219 2605 1393 2652 interna
1424 2620 1532 2652 vera
1564 2605 1790 2653 recondita
1824 2616 1983 2660 erant-3
2019 2607 2221 2652 maxima
2262 2622 2379 2670 pars·

387 2664 432 2715 in
457 2667 583 2716 cultu
606 2667 754 2715 sanCto
776 2665 968 2715 fuerunt·
979 2683 1098 2715 cum-
1111 2670 1155 2716 in
1172 2671 1383 2727 externis,
1419 2670 1451 2717 fi
1475 2671 1575 2734 quis
1602 2673 1644 2718 in
1669 2670 2090 2735 principiodixiffet
2113 2670 2213 2727 illis,
2237 2673 2367 2736 quod

387 2733 749 2798 repraesentativa
770 2733 821 2781 ὅτ
846 2733 1141 2797 significativa
1163 2735 1238 2782 illa
1261 2751 1350 2783 non
1374 2736 1512 2783 essent
1534 2736 1767 2797 effentialia
1792 2737 1943 2784 cultus
1958 2736 2138 2793 Divini‚
2174 2735 2248 2784 sed
2279 2736 2379 2801 spi--

378 2800 562 2847 eitualia
584 2800 640 2847 ὅτ,-
669 2799 867 2846 coelestia
901 2815 1009 2863 quae
1041 2799 1412 2864 repraesentabant
1443 2803 1493 2849 ὅτ
1533 2802 1866 2865 ᾗςηίἧεαϋειητς
1897 2800 2078 2866 prorsus
2107 2799 2378 2865 rejecissent„

344 2865 346 2867 ’
390 2863 441 2911 Et
477 2865 543 2911 fic*
575 2864 698 2912 nulla
733 2863 852 2912 faeta
889 2863 1046 2912 fuifl‘et?
1075 2866 1304 2914 Ecclesia:
1353 2868 1503 2917 adhuc
1545 2870 1696 2932 magis
1722 2868 1932 2917 Ecclesia
1959 2867 2165 2931 Judaica,
2198 2868 2233 2916 fi
2267 2871 2371 2933 quis

390 2929 570 2977 dixisset-
586 2929 689 2987 illis,
723 2931 850 2995 quod
874 2931 1047 2978 ritualia
1070 2930 1200 2979 suum
1225 2931 1425 2981 sandium
1449 2933 1659 2982 haberent
1682 2952 1707 2982 a
1727 2936 1912 2982 Divinis
1945 2935 2158 2991 Domini,
2193 2950 2300 2998 quae
2322 2937 2382 2982 in·

391 2994 493 3051 illis,
528 2994 708 3058 prorsus
744 3012 849 3044 non·
873 2998 1183 3060 agnovissent:
1218 3000 1315 3047 talis
1337 3002 1473 3048 etiam
1509 2999 1596 3048 suit
1631 3002 1790 3058 homo,
1824 3016 1932 3048 cum
1971 3002 2203 3048 Dominus
2242 3003 2375 3047 venit,

391 3060 436 3105 in
470 3060 715 3117 mundum,
751 3062 800 3108 δε
823 3062 972 3109 adhuc
996 3065 1142 3127 magis
1164 3080 1426 3129 corporeus,
1463 3066 1513 3114 δε
1546 3082 1643 3130 prae
1675 3068 1859 3130 reliquis
1892 3067 1975 3123 illi,
2011 3068 2092 3129 qui
2129 3066 2186 3112 ab
2209 3065 2375 3113 Eccle--

392 3124 451 3171 fia
473 3137 596 3172 erant
616 3147 643 3181 ·,-
665 3126 753 3173 hoc
777 3138 903 3189 patet
926 3128 1156 3177 manifeste
1180 3130 1236 3177 ab
1257 3130 1362 3195 ipfis
1394 3131 1643 3194 discipulis,
1682 3135 1763 3196 qui
1798 3134 2005 3179 continue
2036 3131 2159 3195 apud
2199 3131 2375 3178 Domi--

392 3205 500 3241 aum
525 3189 730 3249 fuerunt,
761 3192 810 3240 &
834 3203 929 3243 tarn
953 3192 1101 3246 multa
1119 3196 1467 3247 audiveruntde
1491 3198 1660 3260 Regno
1689 3198 1849 3262 IpsiuS,
1884 3195 2025 3261 usque
2058 3209 2211 3245 tamen
2245 3211 2376 3309 raon-.-

2286 3274 2384 3313 um»
