2904 3750
635 181 971 250 CAPUT
1017 181 1588 268 VIGESIMUM
1635 183 2134 271 QUINTUM.
2257 210 2386 276 277

394 318 516 373 tioni
553 318 606 370 in
640 327 834 388 utroque
845 314 973 386 sexu
1005 312 1182 365 dicatae
1197 312 1351 382 sunt,
1389 311 1447 364 &
1471 310 1655 364 circum
1679 309 1767 360 illa
1791 328 1850 360 ex
1874 309 2089 380 musculis
2112 312 2392 376 innumeris,
2414 355 2423 364 .

397 394 456 447 ἔθ’
493 391 683 446 tandem
720 410 780 443 ex
822 385 1137 460 tegumentis3
1191 385 1250 437 &
1289 384 1411 456 quod
1448 385 1550 438 haec
1592 383 1749 436 omnia
1786 394 2005 435 contexta
2024 386 2129 454 sint
2170 407 2228 439 ex
2271 389 2398 458 vafis

398 469 456 522 ἅθ’
481 466 634 537 fibris
652 507 667 529 ‚
725 465 784 517 &²
830 460 1015 534 quidem
1062 478 1122 511 ex
1169 458 1291 527 vasts
1340 459 1398 511 &2⁹
1427 458 1582 528 fibris
1630 458 1770 510 intra
1817 457 1937 525 vasa
1984 460 2040 510 &
2070 460 2234 529 fibras
2256 503 2270 524 ,
2334 482 2397 514 ex

397 541 563 615 quibus
599 538 767 591 duc't'us
798 537 856 588 &
870 534 1060 604 firmae
1088 533 1331 596 minorem
1379 532 1457 585 ita
1495 552 1555 584 ex
1596 530 2051 595 innumerabilibus;
2091 552 2195 604 quae
2239 538 2395 588 omnia

398 617 535 688 usque
573 620 876 672 concurrunt,
914 606 1146 680 quodlibet
1170 607 1263 679 fico
1301 606 1444 671 modo,
1482 605 1553 659 ad
1571 607 1922 678 compofitionem
1943 606 2132 677 formae
2167 621 2398 674 externae,

347 690 351 692 ’
397 691 452 743 in
493 707 588 760 qua
631 683 760 738 nihil
792 701 965 745 eorum,
1019 701 1125 755 quae
1172 682 1312 735 intra
1336 681 1476 754 sunt,
1515 692 1789 753 apparent3
1841 680 1953 733 huic
1983 681 2187 752 jormae,
2240 696 2401 755 nempe

300 807 303 810 Α
396 773 626 825 externae‚
663 756 1003 830 comparabant
1041 769 1211 810 mentes
1253 757 1502 820 humanas,
1541 757 1598 809 &
1626 775 1794 809 earum
1833 755 2154 827 cogitationes,
2192 776 2253 810 ac
2291 758 2403 811 inde

307 868 314 891 .-
395 835 626 910 loquelas;
684 844 740 886 at
777 831 1040 903 Angelicas
1082 831 1425 904 comparabant
1468 831 1566 884 illis
1582 873 1596 895 ,
1654 850 1761 904 quae
1803 830 1933 883 intus
1955 831 2097 903 sunt,
2162 850 2269 904 quae
2318 852 2400 885 re-

263 910 299 970 ’,
382 909 602 984 spec‘live
637 907 887 980 indefinita
908 906 1048 978 fimt,
1087 907 1146 960 &³
1179 926 1351 991 quoque
1389 904 1864 978 incomprehenfibilia
1884 926 1902 956 .·
1923 907 2222 976 facultatem
2256 907 2403 960 etiam

324 979 343 997 ‘²
397 982 641 1057 cogitandi
662 980 1002 1054 comparabant
1006 980 1253 1052 facultati
1278 981 1515 1054 viscerum
1539 979 1715 1052 agendi
1735 979 1997 1052 secundum
2003 981 2227 1051 formam
2233 982 2404 1053 fibra-

399 1079 526 1124 rum,
565 1057 768 1111 dicentes
808 1054 930 1130 quod
947 1055 1174 1127 facultas
1211 1075 1301 1109 non
1334 1056 1438 1130 eff’t
1455 1054 1727 1124 fibrarum,
1750 1054 1845 1126 st’d
1876 1055 2000 1108 vitae
2024 1057 2077 1108 in
2089 1056 2251 1121 fibris,
2271 1058 2404 1127 ficut

381 1132 610 1207 facultas
644 1130 889 1204 cogitandi
926 1150 1015 1183 non
1059 1130 1120 1204 est
1155 1132 1345 1194 mentis,
1366 1129 1463 1202 sed
1500 1131 1625 1182 vitae
1655 1150 1689 1182 a
1712 1129 1922 1182 Domino
1959 1131 2200 1200 influentis
2244 1134 2296 1184 in
2340 1132 2410 1184 il-

400 1211 515 1263 lam.
591 1205 969 1278 Comparationes
992 1205 1126 1268 tales,
1164 1206 1414 1276 cumfiunt
1452 1204 1515 1258 ab
1540 1205 1760 1275 Angelis,
1780 1203 1934 1275 stmul
1953 1207 2101 1258 etiam
2124 1205 2408 1259 exhibentur

392 1295 490 1356 per
514 1281 930 1353 repraest‘ntativa,
961 1286 1055 1351 per
1093 1298 1198 1352 quae
1221 1281 1409 1351 sormae
1446 1279 1713 1343 interiores,
1752 1279 1808 1331 de
1831 1278 1998 1350 quibus
2022 1279 2219 1344 dictum,
2257 1281 2413 1354 quoad

404 1356 606 1411 minima
644 1353 1119 1426 incomprehenfibilia
1136 1353 1376 1425 ststuntur
1416 1354 1475 1407 δέ*
1512 1353 1767 1425 vgstbiliter
1805 1354 1863 1406 δεῖ
1898 1354 2302 1420 intellectualiter,
2348 1357 2409 1409 δέ*

404 1432 486 1485 hoc
510 1431 648 1484 intra
673 1441 950 1482 momentum
965 1449 982 1481 .·
1005 1428 1101 1500 fid
1119 1429 1487 1500 comparationes
1501 1440 1595 1500 per
1603 1428 1899 1500 spiritualia
1924 1429 1982 1482 δέ’
2008 1429 2222 1500 caelssia,
2249 1431 2408 1503 quales

387 1507 527 1578 fiunt
551 1504 684 1576 apud
698 1504 903 1575 Angelos
926 1503 1132 1567 coelestes,
1170 1503 1280 1556 illas
1318 1504 1685 1575 comparationes
1724 1522 1831 1576 quae
1860 1514 1956 1575 per
1990 1505 2246 1559 naturalia
2251 1505 2408 1577 fiunt,

397 1577 758 1651 pulchritudine
764 1578 1028 1650 sapientiae
1051 1577 1321 1649 immensum
1344 1577 1586 1630 excedunt.

402 1689 412 1697 -
487 1673 514 1724 3
525 1653 649 1724 348.
690 1654 859 1704 Erant
885 1651 1100 1722 Spiritus
1124 1670 1183 1704 ex
1216 1651 1319 1703 alia
1356 1651 1526 1704 tellure
1556 1650 1689 1722 apud
1725 1671 1795 1705 me
1808 1652 1941 1724 satis
1978 1654 2078 1719 diu,
2116 1654 2282 1727 quibus
2306 1674 2413 1709 cum

406 1746 668 1782 narrarem
677 1725 975 1799 sapientiam
1003 1725 1149 1797 nostri
1170 1724 1312 1790 orbis,
1351 1725 1473 1799 quod
1511 1725 1643 1779 inter
1666 1726 1917 1798 scientias,
1957 1749 2015 1782 ex
2039 1730 2204 1803 quibus
2228 1728 2413 1783 eruditi

409 1802 632 1867 audiunt,
673 1803 820 1854 etiam
820 1801 928 1871 sint
952 1801 1198 1874 analytica
1228 1811 1324 1872 per
1348 1821 1454 1875 quae
1478 1801 1727 1873 explorare
1734 1801 1979 1874 satagunt
2004 1804 2091 1857 illa
2116 1824 2222 1877 quae
2246 1805 2415 1858 mentis

392 1877 516 1949 fient
540 1878 597 1930 &³
622 1875 720 1947 ejus
743 1875 1096 1946 cogitationum,
1136 1876 1194 1929 ἔθ’
1219 1877 1342 1948 quod
1363 1889 1530 1931 vocent
1553 1877 1641 1929 illa
1666 1878 1991 1950 Metaphffica
2015 1880 2072 1933 &²
2098 1880 2303 1951 Logica,
2322 1879 2418 1953 sed

409 1950 532 2025 quod
563 1961 743 2024 parum
786 1950 923 2002 ultra
953 1951 1191 2015 terminos,
1229 1953 1288 2004 δέ*
1312 1952 1490 2026 aliquot
1513 1951 1704 2024 regulas
1727 1954 1991 2024 versatiles,
2018 1954 2413 2028 progreffitmfe-

412 2027 569 2079 cerint
590 2053 605 2089 3
644 2026 702 2078 &³
727 2024 849 2096 quod
868 2024 924 2076 de
947 2025 1166 2078 terminis
1188 2025 1397 2098 litigent,
1436 2039 1491 2080 ut
1516 2026 1635 2099 quid
1629 2027 1824 2099 forma,
1862 2029 1982 2102 quid
1984 2029 2274 2102 substantia,
2302 2030 2421 2102 quid

413 2120 553 2163 mens,
591 2098 710 2172 quid
729 2100 910 2162 anima,
950 2100 1007 2151 &
1032 2098 1154 2171 quod
1164 2111 1258 2171 per
1281 2102 1472 2172 regulas
1507 2102 1617 2154 illas
1651 2121 1904 2156 communes
1943 2104 2190 2176 versatiles
2230 2106 2417 2158 acriter

414 2174 650 2247 disputent
673 2173 729 2226 de
752 2173 885 2226 veris
907 2194 925 2225 .·
964 2186 1079 2225 tunc
1102 2173 1164 2226 ab
1189 2174 1286 2227 illis
1300 2187 1592 2246 perceptum,
1631 2177 1753 2247 quod
1772 2177 1899 2230 talia
1936 2179 2215 2251 abstrahant
2241 2176 2417 2232 omnem

414 2250 490 2302 rei
499 2248 686 2320 Jenficm
725 2249 782 2300 ἐξ
820 2248 1121 2312 intellectum,
1160 2250 1341 2322 quando
1379 2250 1477 2303 illis
1516 2262 1572 2302 ut
1612 2250 1831 2304 terminis
1865 2251 2119 2317 inhaerent,
2159 2275 2218 2307 ac
2242 2254 2296 2306 de
2320 2255 2418 2306 illis

408 2335 502 2395 per
534 2322 819 2393 artificiosas
856 2322 1045 2393 regulas
1084 2325 1328 2394 cogitant3
1367 2323 1602 2388 dicebant,
1643 2325 1769 2377 talia
1799 2324 1879 2397 effe
1909 2327 2034 2379 modo
2065 2331 2235 2398 nigras
2272 2328 2419 2379 nube-

417 2397 562 2460 culas,
601 2416 706 2468 quae
745 2395 1036 2466 objiciuntur
1077 2398 1207 2468 visui
1249 2399 1574 2463 intellectuali,
1613 2399 1669 2452 δέ
1696 2401 1817 2470 quod
1837 2401 2095 2453 detrahant
2132 2402 2418 2454 intellectum

418 2472 470 2524 in
484 2470 734 2542 pulverem
751 2491 768 2522 .·
808 2469 1060 2535 addebant,
1102 2473 1224 2544 quod
1243 2473 1375 2545 apud
1393 2474 1493 2526 illos
1528 2493 1615 2525 non
1652 2472 1727 2526 ita
1731 2474 1822 2543 stt,
1843 2475 1941 2545 sed
1960 2475 2082 2547 quod
2100 2495 2262 2527 rerum
2288 2475 2420 2528 ideas

418 2545 646 2598 clariores
669 2544 874 2597 habeant
891 2556 984 2616 per
1010 2546 1079 2610 id,
1119 2547 1240 2619 quod
1271 2547 1400 2600 nihil
1428 2548 1484 2600 de
1521 2546 1698 2600 talibus
1717 2547 1885 2618 sciant
1908 2571 1925 2601 .·
1965 2549 2132 2602 videre
2157 2551 2302 2603 etiam
2329 2549 2421 2603 da·-

418 2631 536 2682 tum,
576 2638 717 2689 quam
735 2618 979 2690 sapientes
1011 2620 1178 2693 estent3
1218 2621 1625 2693 repraesentabant
1664 2621 1961 2676 mirabiliter
1996 2626 2211 2677 Ih'entem
2250 2625 2421 2678 huma—

418 2713 546 2756 nam,
587 2704 641 2745 ut
648 2692 872 2763 formam
896 2694 1127 2766 coelestem,
1167 2697 1224 2749 &³
1249 2696 1347 2767 ejus
1370 2695 1652 2768 affictiones,
1692 2707 1746 2747 ut
1780 2698 2060 2751 activitatis
2081 2699 2305 2771 sphceras
2344 2699 2421 2751 illi

386 2833 391 2840 ι
417 2769 756 2831 convenientes,
796 2768 854 2820 &
878 2767 960 2820 hoc
987 2780 1089 2822 tam
1114 2769 1297 2834 dextre,
1338 2782 1392 2823 ut
1417 2770 1675 2824 collaudati
1677 2771 1785 2840 fint
1809 2772 1872 2824 ab
1892 2773 2121 2844 Angelis.-
2162 2774 2422 2845 repraesen-

421 2841 592 2894 tabant
616 2842 762 2894 etiam
791 2842 1002 2914 quomodo
1021 2845 1262 2897 Dominus
1276 2845 1551 2917 'affhc‘tiones
1576 2845 1702 2908 illas,
1731 2865 1837 2917 quae
1861 2849 1914 2900 in
1922 2849 1982 2918 fi
2007 2847 2420 2920 injucundaeficnt,

403 2916 582 2985 ‘flectat
605 2917 658 2968 in
675 2916 922 2986 jucundas
937 2938 955 2969 .·
995 2917 1121 2971 docti
1161 2919 1326 2987 nostrae
1367 2921 1553 2973 telluris
1596 2919 1816 2984 aderant,
1860 2939 1944 2975 nec
1981 2921 2130 2974 hilum
2165 2934 2426 2993 potuerunt

379 3052 385 3054 .
422 2989 814 3060 comprehendere,
829 3022 835 3026 -
851 2993 1036 3063 tametst
1072 2992 1128 3046 de
1170 2993 1346 3047 talibus
1378 2993 1683 3067 philosophice
1727 2997 1926 3051 multum
1970 2997 2023 3048 in
2063 2998 2175 3049 vita
2219 2998 2424 3068 corporis

425 3061 602 3133 loquuti
621 3065 744 3137 ficnt
761 3091 780 3130 3
816 3065 894 3120 illi
917 3085 1021 3121 cum
1045 3068 1223 3122 iterum
1253 3071 1560 3143 perciperent
1598 3088 1758 3123 corum
1803 3072 2120 3144 cogitationes,
2159 3072 2280 3145 quod
2299 3070 2427 3123 modo.

1406 3141 1410 3144 ’
2272 3145 2431 3197 inha-
