<?xml version="1.0" encoding="UTF-8"?>
<!DOCTYPE html PUBLIC "-//W3C//DTD XHTML 1.0 Transitional//EN"
    "http://www.w3.org/TR/xhtml1/DTD/xhtml1-transitional.dtd">
<html xmlns="http://www.w3.org/1999/xhtml" xml:lang="en" lang="en">
 <head>
  <title>
</title>
<meta http-equiv="Content-Type" content="text/html;charset=utf-8" />
  <meta name='ocr-system' content='tesseract 3.04.00' />
  <meta name='ocr-capabilities' content='ocr_page ocr_carea ocr_par ocr_line ocrx_word'/>
</head>
<body>
  <div class='ocr_page' id='page_1' title='image "arcanacaelestiaq03sweduoft_0621.png"; bbox 0 0 2904 3750; ppageno 0'>
   <div class='ocr_carea' id='block_1_1' title="bbox 885 205 2394 293">
    <p class='ocr_par' dir='ltr' id='par_1_1' title="bbox 885 205 2394 293">
     <span class='ocr_line' id='line_1_1' title="bbox 885 205 2394 293; baseline 0 -15"><span class='ocrx_word' id='word_1_1' title='bbox 885 205 1216 278; x_wconf 75' lang='lat' dir='ltr'>CAPUT</span> <span class='ocrx_word' id='word_1_2' title='bbox 1263 207 1906 275; x_wconf 82' lang='lat' dir='ltr'><strong>TRIGESIMUM.</strong></span> <span class='ocrx_word' id='word_1_3' title='bbox 2255 208 2394 293; x_wconf 54' lang='grc' dir='ltr'><strong>εἴη</strong></span> 
     </span>
    </p>
   </div>
   <div class='ocr_carea' id='block_1_2' title="bbox 395 332 2474 2434">
    <p class='ocr_par' dir='ltr' id='par_1_2' title="bbox 395 332 2474 2434">
     <span class='ocr_line' id='line_1_2' title="bbox 407 332 2385 408; baseline -0.002 -19"><span class='ocrx_word' id='word_1_4' title='bbox 407 332 571 408; x_wconf 47' lang='lat' dir='ltr'><strong>pecus*</strong></span> <span class='ocrx_word' id='word_1_5' title='bbox 599 346 871 406; x_wconf 62' lang='lat' dir='ltr'><strong>punctatum</strong></span> <span class='ocrx_word' id='word_1_6' title='bbox 931 340 982 387; x_wconf 88' lang='lat'>&amp;</span> <span class='ocrx_word' id='word_1_7' title='bbox 1029 336 1311 387; x_wconf 87' lang='lat' dir='ltr'><strong>maculosum</strong></span> <span class='ocrx_word' id='word_1_8' title='bbox 1361 340 1407 386; x_wconf 89' lang='lat' dir='ltr'><strong>in</strong></span> <span class='ocrx_word' id='word_1_9' title='bbox 1420 339 1583 399; x_wconf 90' lang='lat' dir='ltr'><strong>capris,</strong></span> <span class='ocrx_word' id='word_1_10' title='bbox 1629 337 1683 384; x_wconf 79' lang='grc' dir='ltr'><strong>ὅτ</strong></span> <span class='ocrx_word' id='word_1_11' title='bbox 1724 336 1911 398; x_wconf 86' lang='lat' dir='ltr'><strong>nigrum</strong></span> <span class='ocrx_word' id='word_1_12' title='bbox 1958 334 2004 382; x_wconf 89' lang='lat' dir='ltr'><strong>in</strong></span> <span class='ocrx_word' id='word_1_13' title='bbox 2047 335 2210 398; x_wconf 57' lang='lat' dir='ltr'><strong>agnis-»3</strong></span> <span class='ocrx_word' id='word_1_14' title='bbox 2256 341 2385 402; x_wconf 89' lang='lat' dir='ltr'><strong>quod</strong></span> 
     </span>
     <span class='ocr_line' id='line_1_3' title="bbox 410 400 2389 468; baseline -0.002 -12"><span class='ocrx_word' id='word_1_15' title='bbox 410 409 517 456; x_wconf 85' lang='lat' dir='ltr'><strong>dein</strong></span> <span class='ocrx_word' id='word_1_16' title='bbox 556 408 604 454; x_wconf 88' lang='lat' dir='ltr'><strong>in</strong></span> <span class='ocrx_word' id='word_1_17' title='bbox 641 405 897 454; x_wconf 87' lang='lat' dir='ltr'><strong>canaliculis</strong></span> <span class='ocrx_word' id='word_1_18' title='bbox 938 403 1135 468; x_wconf 84' lang='lat' dir='ltr'>posuerit</span> <span class='ocrx_word' id='word_1_19' title='bbox 1166 404 1348 451; x_wconf 80' lang='lat' dir='ltr'><strong>baculos</strong></span> <span class='ocrx_word' id='word_1_20' title='bbox 1389 418 1449 449; x_wconf 89' lang='lat' dir='ltr'><strong>ex</strong></span> <span class='ocrx_word' id='word_1_21' title='bbox 1480 400 1639 464; x_wconf 89' lang='lat' dir='ltr'><strong>corylo</strong></span> <span class='ocrx_word' id='word_1_22' title='bbox 1677 403 1728 449; x_wconf 87' lang='lat'>&amp;</span> <span class='ocrx_word' id='word_1_23' title='bbox 1760 403 1975 464; x_wconf 86' lang='lat' dir='ltr'><strong>plantano</strong></span> <span class='ocrx_word' id='word_1_24' title='bbox 2011 400 2304 450; x_wconf 83' lang='lat' dir='ltr'><strong>decorticatos</strong></span> <span class='ocrx_word' id='word_1_25' title='bbox 2327 405 2389 452; x_wconf 80' lang='lat' dir='ltr'><strong>ad</strong></span> 
     </span>
     <span class='ocr_line' id='line_1_4' title="bbox 408 467 2385 535; baseline -0.007 -13"><span class='ocrx_word' id='word_1_26' title='bbox 408 475 568 522; x_wconf 73' lang='lat' dir='ltr'><strong>album</strong></span> <span class='ocrx_word' id='word_1_27' title='bbox 599 485 705 521; x_wconf 87' lang='lat' dir='ltr'><strong>ante</strong></span> <span class='ocrx_word' id='word_1_28' title='bbox 741 485 903 535; x_wconf 84' lang='lat' dir='ltr'>greges</span> <span class='ocrx_word' id='word_1_29' title='bbox 939 470 1138 519; x_wconf 85' lang='lat' dir='ltr'><strong>Labanis</strong></span> <span class='ocrx_word' id='word_1_30' title='bbox 1175 485 1285 516; x_wconf 88' lang='lat' dir='ltr'><strong>cum</strong></span> <span class='ocrx_word' id='word_1_31' title='bbox 1324 468 1652 523; x_wconf 84' lang='lat' dir='ltr'><strong>incalescerent,</strong></span> <span class='ocrx_word' id='word_1_32' title='bbox 1687 468 1740 514; x_wconf 78' lang='grc' dir='ltr'><strong>δι’</strong></span> <span class='ocrx_word' id='word_1_33' title='bbox 1777 467 1930 530; x_wconf 88' lang='lat' dir='ltr'><strong>qu&#39;oad</strong></span> <span class='ocrx_word' id='word_1_34' title='bbox 1967 469 2273 532; x_wconf 81' lang='lat' dir='ltr'><strong>agnosquod</strong></span> <span class='ocrx_word' id='word_1_35' title='bbox 2306 470 2385 517; x_wconf 78' lang='lat' dir='ltr'><strong>de-</strong></span> 
     </span>
     <span class='ocr_line' id='line_1_5' title="bbox 409 531 2390 601; baseline -0.003 -14"><span class='ocrx_word' id='word_1_36' title='bbox 409 539 527 587; x_wconf 82' lang='lat' dir='ltr'><strong>derit</strong></span> <span class='ocrx_word' id='word_1_37' title='bbox 563 538 699 586; x_wconf 82' lang='lat' dir='ltr'><strong>facies</strong></span> <span class='ocrx_word' id='word_1_38' title='bbox 731 539 884 601; x_wconf 86' lang='lat' dir='ltr'><strong>gregis</strong></span> <span class='ocrx_word' id='word_1_39' title='bbox 917 536 974 582; x_wconf 90' lang='lat' dir='ltr'><strong>ad</strong></span> <span class='ocrx_word' id='word_1_40' title='bbox 1011 537 1300 595; x_wconf 87' lang='lat' dir='ltr'><strong>variegatum</strong></span> <span class='ocrx_word' id='word_1_41' title='bbox 1339 535 1392 582; x_wconf 76' lang='grc' dir='ltr'><strong>δε</strong></span> <span class='ocrx_word' id='word_1_42' title='bbox 1431 535 1620 595; x_wconf 85' lang='lat' dir='ltr'><strong>nigrum</strong></span> <span class='ocrx_word' id='word_1_43' title='bbox 1653 534 1701 579; x_wconf 92' lang='lat' dir='ltr'><strong>in</strong></span> <span class='ocrx_word' id='word_1_44' title='bbox 1738 537 1878 595; x_wconf 81' lang='lat' dir='ltr'><strong>grege</strong></span> <span class='ocrx_word' id='word_1_45' title='bbox 1906 531 2134 587; x_wconf 82' lang='lat' dir='ltr'><strong>Labanis;</strong></span> <span class='ocrx_word' id='word_1_46' title='bbox 2167 535 2219 581; x_wconf 77' lang='grc' dir='ltr'><strong>δε</strong></span> <span class='ocrx_word' id='word_1_47' title='bbox 2255 536 2390 599; x_wconf 87' lang='lat' dir='ltr'><strong>quod</strong></span> 
     </span>
     <span class='ocr_line' id='line_1_6' title="bbox 410 597 2389 664; baseline -0.003 -12"><span class='ocrx_word' id='word_1_48' title='bbox 410 606 471 653; x_wconf 85' lang='lat' dir='ltr'><strong>fic</strong></span> <span class='ocrx_word' id='word_1_49' title='bbox 494 613 587 652; x_wconf 87' lang='lat' dir='ltr'><strong>non</strong></span> <span class='ocrx_word' id='word_1_50' title='bbox 610 605 731 651; x_wconf 89' lang='lat' dir='ltr'><strong>bona</strong></span> <span class='ocrx_word' id='word_1_51' title='bbox 754 602 830 649; x_wconf 90' lang='lat' dir='ltr'><strong>sed</strong></span> <span class='ocrx_word' id='word_1_52' title='bbox 853 600 972 649; x_wconf 87' lang='lat' dir='ltr'><strong>mala</strong></span> <span class='ocrx_word' id='word_1_53' title='bbox 992 597 1089 648; x_wconf 84' lang='lat' dir='ltr'><strong>arte</strong></span> <span class='ocrx_word' id='word_1_54' title='bbox 1110 600 1240 647; x_wconf 88' lang='lat' dir='ltr'><strong>dives</strong></span> <span class='ocrx_word' id='word_1_55' title='bbox 1263 598 1440 653; x_wconf 83' lang='lat' dir='ltr'><strong>factus;</strong></span> <span class='ocrx_word' id='word_1_56' title='bbox 1475 601 1521 645; x_wconf 89' lang='lat' dir='ltr'><strong>in</strong></span> <span class='ocrx_word' id='word_1_57' title='bbox 1545 599 1615 646; x_wconf 85' lang='lat' dir='ltr'><strong>his</strong></span> <span class='ocrx_word' id='word_1_58' title='bbox 1638 613 1730 645; x_wconf 90' lang='lat' dir='ltr'><strong>non</strong></span> <span class='ocrx_word' id='word_1_59' title='bbox 1769 598 1944 660; x_wconf 87' lang='lat' dir='ltr'><strong>aliquid</strong></span> <span class='ocrx_word' id='word_1_60' title='bbox 1976 599 2206 646; x_wconf 89' lang='lat' dir='ltr'><strong>Divinum</strong></span> <span class='ocrx_word' id='word_1_61' title='bbox 2246 610 2389 664; x_wconf 77' lang='lat' dir='ltr'><strong>appa-</strong></span> 
     </span>
     <span class='ocr_line' id='line_1_7' title="bbox 407 663 2392 728; baseline -0.006 -11"><span class='ocrx_word' id='word_1_62' title='bbox 407 681 498 727; x_wconf 82' lang='lat' dir='ltr'><strong>ret,</strong></span> <span class='ocrx_word' id='word_1_63' title='bbox 531 683 641 717; x_wconf 88' lang='lat' dir='ltr'><strong>cum</strong></span> <span class='ocrx_word' id='word_1_64' title='bbox 663 682 817 716; x_wconf 84' lang='lat' dir='ltr'><strong>tamen</strong></span> <span class='ocrx_word' id='word_1_65' title='bbox 842 667 1052 714; x_wconf 83' lang='lat' dir='ltr'><strong>Verbum</strong></span> <span class='ocrx_word' id='word_1_66' title='bbox 1083 666 1134 725; x_wconf 76' lang='lat' dir='ltr'><strong>in</strong></span> <span class='ocrx_word' id='word_1_67' title='bbox 1170 665 1386 713; x_wconf 87' lang='lat' dir='ltr'><strong>omnibus</strong></span> <span class='ocrx_word' id='word_1_68' title='bbox 1417 666 1468 712; x_wconf 75' lang='grc' dir='ltr'><strong>ὅτ</strong></span> <span class='ocrx_word' id='word_1_69' title='bbox 1501 664 1706 726; x_wconf 78' lang='lat' dir='ltr'><strong>singulis,</strong></span> <span class='ocrx_word' id='word_1_70' title='bbox 1756 665 1807 710; x_wconf 75' lang='grc' dir='ltr'><strong>δε</strong></span> <span class='ocrx_word' id='word_1_71' title='bbox 1845 663 2000 726; x_wconf 91' lang='lat' dir='ltr'><strong>quoad</strong></span> <span class='ocrx_word' id='word_1_72' title='bbox 2043 666 2287 713; x_wconf 85' lang='lat' dir='ltr'><strong>minimam</strong></span> <span class='ocrx_word' id='word_1_73' title='bbox 2311 665 2392 728; x_wconf 77' lang='lat' dir='ltr'><strong>jo-</strong></span> 
     </span>
     <span class='ocr_line' id='line_1_8' title="bbox 407 729 2388 795; baseline -0.002 -12"><span class='ocrx_word' id='word_1_74' title='bbox 407 735 541 783; x_wconf 86' lang='lat' dir='ltr'>tham</span> <span class='ocrx_word' id='word_1_75' title='bbox 579 735 814 782; x_wconf 80' lang='lat' dir='ltr'><strong>Divinum</strong></span> <span class='ocrx_word' id='word_1_76' title='bbox 847 731 1050 786; x_wconf 58' lang='lat' dir='ltr'><strong>est3s&amp;</strong></span> <span class='ocrx_word' id='word_1_77' title='bbox 1092 744 1308 795; x_wconf 87' lang='lat' dir='ltr'><strong>praeterea</strong></span> <span class='ocrx_word' id='word_1_78' title='bbox 1346 732 1434 778; x_wconf 89' lang='lat' dir='ltr'><strong>hoc</strong></span> <span class='ocrx_word' id='word_1_79' title='bbox 1467 729 1574 777; x_wconf 89' lang='lat' dir='ltr'><strong>scire</strong></span> <span class='ocrx_word' id='word_1_80' title='bbox 1609 729 1723 776; x_wconf 83' lang='lat' dir='ltr'><strong>nihil</strong></span> <span class='ocrx_word' id='word_1_81' title='bbox 1758 729 1956 791; x_wconf 84' lang='lat' dir='ltr'><strong>prodest,</strong></span> <span class='ocrx_word' id='word_1_82' title='bbox 1992 742 2048 776; x_wconf 91' lang='lat' dir='ltr'><strong>ne</strong></span> <span class='ocrx_word' id='word_1_83' title='bbox 2072 730 2265 792; x_wconf 87' lang='lat' dir='ltr'><strong>quidem</strong></span> <span class='ocrx_word' id='word_1_84' title='bbox 2299 735 2388 779; x_wconf 74' lang='lat' dir='ltr'><strong>mi·</strong></span> 
     </span>
     <span class='ocr_line' id='line_1_9' title="bbox 405 792 2387 859; baseline -0.002 -12"><span class='ocrx_word' id='word_1_85' title='bbox 405 802 592 848; x_wconf 80' lang='lat' dir='ltr'><strong>nimum</strong></span> <span class='ocrx_word' id='word_1_86' title='bbox 630 798 686 846; x_wconf 86' lang='lat' dir='ltr'><strong>ad</strong></span> <span class='ocrx_word' id='word_1_87' title='bbox 721 799 929 855; x_wconf 88' lang='lat' dir='ltr'><strong>salutem,</strong></span> <span class='ocrx_word' id='word_1_88' title='bbox 968 812 1079 844; x_wconf 88' lang='lat' dir='ltr'><strong>cum</strong></span> <span class='ocrx_word' id='word_1_89' title='bbox 1116 810 1273 845; x_wconf 85' lang='lat' dir='ltr'><strong>tamen</strong></span> <span class='ocrx_word' id='word_1_90' title='bbox 1318 796 1548 852; x_wconf 85' lang='lat' dir='ltr'><strong>Verbum,</strong></span> <span class='ocrx_word' id='word_1_91' title='bbox 1594 797 1704 858; x_wconf 88' lang='lat' dir='ltr'><strong>quia</strong></span> <span class='ocrx_word' id='word_1_92' title='bbox 1725 792 1974 850; x_wconf 88' lang='lat' dir='ltr'><strong>Divinum,</strong></span> <span class='ocrx_word' id='word_1_93' title='bbox 2014 810 2105 841; x_wconf 88' lang='lat' dir='ltr'><strong>non</strong></span> <span class='ocrx_word' id='word_1_94' title='bbox 2138 795 2219 842; x_wconf 87' lang='lat' dir='ltr'><strong>nifi</strong></span> <span class='ocrx_word' id='word_1_95' title='bbox 2242 813 2387 859; x_wconf 86' lang='lat' dir='ltr'><strong>quam</strong></span> 
     </span>
     <span class='ocr_line' id='line_1_10' title="bbox 405 860 2390 929; baseline -0.002 -16"><span class='ocrx_word' id='word_1_96' title='bbox 405 865 512 914; x_wconf 81' lang='lat' dir='ltr'><strong>talia</strong></span> <span class='ocrx_word' id='word_1_97' title='bbox 550 879 658 929; x_wconf 87' lang='lat' dir='ltr'><strong>quae</strong></span> <span class='ocrx_word' id='word_1_98' title='bbox 695 863 958 912; x_wconf 87' lang='lat' dir='ltr'><strong>conducunt</strong></span> <span class='ocrx_word' id='word_1_99' title='bbox 995 863 1055 910; x_wconf 82' lang='lat' dir='ltr'><strong>ad</strong></span> <span class='ocrx_word' id='word_1_100' title='bbox 1093 862 1283 910; x_wconf 89' lang='lat' dir='ltr'><strong>salutem</strong></span> <span class='ocrx_word' id='word_1_101' title='bbox 1322 863 1374 909; x_wconf 87' lang='lat'>&amp;</span> <span class='ocrx_word' id='word_1_102' title='bbox 1410 861 1467 908; x_wconf 91' lang='lat' dir='ltr'><strong>ad</strong></span> <span class='ocrx_word' id='word_1_103' title='bbox 1507 862 1655 907; x_wconf 87' lang='lat' dir='ltr'><strong>vitam</strong></span> <span class='ocrx_word' id='word_1_104' title='bbox 1695 872 1931 915; x_wconf 88' lang='lat' dir='ltr'><strong>aeternam,</strong></span> <span class='ocrx_word' id='word_1_105' title='bbox 1981 861 2029 906; x_wconf 89' lang='lat' dir='ltr'><strong>in</strong></span> <span class='ocrx_word' id='word_1_106' title='bbox 2070 860 2112 906; x_wconf 89' lang='lat' dir='ltr'><strong>se</strong></span> <span class='ocrx_word' id='word_1_107' title='bbox 2145 864 2390 916; x_wconf 86' lang='lat' dir='ltr'><strong>continet·‚</strong></span> 
     </span>
     <span class='ocr_line' id='line_1_11' title="bbox 407 925 2393 990; baseline -0.002 -11"><span class='ocrx_word' id='word_1_108' title='bbox 407 945 468 978; x_wconf 82' lang='lat' dir='ltr'><strong>cx</strong></span> <span class='ocrx_word' id='word_1_109' title='bbox 504 931 594 978; x_wconf 83' lang='lat' dir='ltr'><strong>iliis</strong></span> <span class='ocrx_word' id='word_1_110' title='bbox 631 931 682 978; x_wconf 78' lang='grc' dir='ltr'><strong>ὅτ</strong></span> <span class='ocrx_word' id='word_1_111' title='bbox 717 945 776 976; x_wconf 85' lang='lat' dir='ltr'><strong>ex</strong></span> <span class='ocrx_word' id='word_1_112' title='bbox 813 928 1034 976; x_wconf 77' lang='lat' dir='ltr'><strong>similibus</strong></span> <span class='ocrx_word' id='word_1_113' title='bbox 1067 927 1193 983; x_wconf 90' lang='lat' dir='ltr'><strong>alibi,</strong></span> <span class='ocrx_word' id='word_1_114' title='bbox 1237 927 1432 990; x_wconf 88' lang='lat' dir='ltr'><strong>quisque</strong></span> <span class='ocrx_word' id='word_1_115' title='bbox 1462 926 1734 974; x_wconf 87' lang='lat' dir='ltr'><strong>concludere</strong></span> <span class='ocrx_word' id='word_1_116' title='bbox 1765 925 1931 989; x_wconf 91' lang='lat' dir='ltr'><strong>potest,</strong></span> <span class='ocrx_word' id='word_1_117' title='bbox 1979 926 2108 988; x_wconf 90' lang='lat' dir='ltr'><strong>quod</strong></span> <span class='ocrx_word' id='word_1_118' title='bbox 2146 928 2393 977; x_wconf 84' lang='lat' dir='ltr'><strong>Arcanum</strong></span> 
     </span>
     <span class='ocr_line' id='line_1_12' title="bbox 406 989 2382 1057; baseline -0.002 -13"><span class='ocrx_word' id='word_1_119' title='bbox 406 997 522 1045; x_wconf 84' lang='lat' dir='ltr'><strong>inibi</strong></span> <span class='ocrx_word' id='word_1_120' title='bbox 567 997 639 1053; x_wconf 81' lang='lat' dir='ltr'><strong>fit,</strong></span> <span class='ocrx_word' id='word_1_121' title='bbox 686 995 737 1042; x_wconf 78' lang='grc' dir='ltr'><strong>ὅτ</strong></span> <span class='ocrx_word' id='word_1_122' title='bbox 777 993 906 1057; x_wconf 87' lang='lat' dir='ltr'><strong>quod</strong></span> <span class='ocrx_word' id='word_1_123' title='bbox 945 993 1135 1054; x_wconf 66' lang='lat' dir='ltr'><strong>singula,</strong></span> <span class='ocrx_word' id='word_1_124' title='bbox 1180 993 1356 1040; x_wconf 76' lang='lat' dir='ltr'><strong>tametsi</strong></span> <span class='ocrx_word' id='word_1_125' title='bbox 1389 991 1494 1038; x_wconf 87' lang='lat' dir='ltr'><strong>talia</strong></span> <span class='ocrx_word' id='word_1_126' title='bbox 1563 990 1667 1038; x_wconf 89' lang='lat' dir='ltr'><strong>sunt</strong></span> <span class='ocrx_word' id='word_1_127' title='bbox 1703 993 1749 1037; x_wconf 89' lang='lat' dir='ltr'><strong>in</strong></span> <span class='ocrx_word' id='word_1_128' title='bbox 1797 989 1924 1037; x_wconf 88' lang='lat' dir='ltr'><strong>sensu</strong></span> <span class='ocrx_word' id='word_1_129' title='bbox 1965 992 2126 1047; x_wconf 83' lang='lat' dir='ltr'><strong>literae,</strong></span> <span class='ocrx_word' id='word_1_130' title='bbox 2151 993 2382 1041; x_wconf 83' lang='lat' dir='ltr'><strong>diviniora</strong></span> 
     </span>
     <span class='ocr_line' id='line_1_13' title="bbox 406 1055 2381 1122; baseline -0.001 -14"><span class='ocrx_word' id='word_1_131' title='bbox 406 1061 550 1109; x_wconf 81' lang='lat' dir='ltr'><strong>ferant</strong></span> <span class='ocrx_word' id='word_1_132' title='bbox 604 1062 754 1107; x_wconf 85' lang='lat' dir='ltr'><strong>intus:</strong></span> <span class='ocrx_word' id='word_1_133' title='bbox 811 1058 926 1122; x_wconf 85' lang='lat' dir='ltr'><strong>quid</strong></span> <span class='ocrx_word' id='word_1_134' title='bbox 964 1070 1122 1106; x_wconf 86' lang='lat' dir='ltr'><strong>autem</strong></span> <span class='ocrx_word' id='word_1_135' title='bbox 1178 1059 1300 1105; x_wconf 81' lang='lat' dir='ltr'><strong>intus</strong></span> <span class='ocrx_word' id='word_1_136' title='bbox 1338 1055 1507 1112; x_wconf 81' lang='lat' dir='ltr'><strong>ferunt,</strong></span> <span class='ocrx_word' id='word_1_137' title='bbox 1554 1055 1780 1120; x_wconf 87' lang='lat' dir='ltr'><strong>nusquam</strong></span> <span class='ocrx_word' id='word_1_138' title='bbox 1812 1057 1942 1116; x_wconf 80' lang='lat' dir='ltr'><strong>alicui</strong></span> <span class='ocrx_word' id='word_1_139' title='bbox 1984 1057 2184 1109; x_wconf 79' lang='lat' dir='ltr'><strong>constare</strong></span> <span class='ocrx_word' id='word_1_140' title='bbox 2218 1060 2381 1120; x_wconf 87' lang='lat' dir='ltr'><strong>potest,</strong></span> 
     </span>
     <span class='ocr_line' id='line_1_14' title="bbox 401 1122 2397 1186; baseline -0.001 -12"><span class='ocrx_word' id='word_1_141' title='bbox 401 1127 486 1174; x_wconf 87' lang='lat' dir='ltr'><strong>nifi</strong></span> <span class='ocrx_word' id='word_1_142' title='bbox 527 1141 586 1173; x_wconf 86' lang='lat' dir='ltr'><strong>ex</strong></span> <span class='ocrx_word' id='word_1_143' title='bbox 620 1124 745 1173; x_wconf 87' lang='lat' dir='ltr'><strong>sensu</strong></span> <span class='ocrx_word' id='word_1_144' title='bbox 786 1125 980 1180; x_wconf 89' lang='lat' dir='ltr'><strong>interno,</strong></span> <span class='ocrx_word' id='word_1_145' title='bbox 1021 1124 1108 1172; x_wconf 91' lang='lat' dir='ltr'><strong>hoc</strong></span> <span class='ocrx_word' id='word_1_146' title='bbox 1143 1123 1225 1180; x_wconf 91' lang='lat' dir='ltr'><strong>est,</strong></span> <span class='ocrx_word' id='word_1_147' title='bbox 1263 1123 1346 1170; x_wconf 78' lang='lat' dir='ltr'><strong>nisi</strong></span> <span class='ocrx_word' id='word_1_148' title='bbox 1384 1122 1504 1178; x_wconf 84' lang='lat' dir='ltr'><strong>sciat,</strong></span> <span class='ocrx_word' id='word_1_149' title='bbox 1551 1122 1795 1186; x_wconf 89' lang='lat' dir='ltr'><strong>quomodo</strong></span> <span class='ocrx_word' id='word_1_150' title='bbox 1834 1122 1933 1169; x_wconf 84' lang='lat' dir='ltr'><strong>haec</strong></span> <span class='ocrx_word' id='word_1_151' title='bbox 1970 1124 2284 1184; x_wconf 86' lang='lat' dir='ltr'><strong>percipiuntur</strong></span> <span class='ocrx_word' id='word_1_152' title='bbox 2327 1128 2397 1172; x_wconf 80' lang='lat' dir='ltr'><strong>ab</strong></span> 
     </span>
     <span class='ocr_line' id='line_1_15' title="bbox 403 1187 2387 1254; baseline -0.002 -14"><span class='ocrx_word' id='word_1_153' title='bbox 403 1191 617 1254; x_wconf 84' lang='lat' dir='ltr'><strong>Angelis,</strong></span> <span class='ocrx_word' id='word_1_154' title='bbox 659 1189 692 1237; x_wconf 90' lang='lat' dir='ltr'><strong>ii</strong></span> <span class='ocrx_word' id='word_1_155' title='bbox 717 1191 863 1249; x_wconf 29' lang='lat' dir='ltr'><strong>enim·</strong></span> <span class='ocrx_word' id='word_1_156' title='bbox 889 1190 937 1236; x_wconf 88' lang='lat' dir='ltr'><strong>in</strong></span> <span class='ocrx_word' id='word_1_157' title='bbox 983 1188 1107 1237; x_wconf 91' lang='lat' dir='ltr'><strong>sensu</strong></span> <span class='ocrx_word' id='word_1_158' title='bbox 1147 1189 1367 1253; x_wconf 81' lang='lat' dir='ltr'><strong>spirituali</strong></span> <span class='ocrx_word' id='word_1_159' title='bbox 1404 1188 1523 1244; x_wconf 90' lang='lat' dir='ltr'><strong>sunt,</strong></span> <span class='ocrx_word' id='word_1_160' title='bbox 1567 1203 1679 1234; x_wconf 87' lang='lat' dir='ltr'><strong>cum</strong></span> <span class='ocrx_word' id='word_1_161' title='bbox 1717 1189 1864 1253; x_wconf 83' lang='lat' dir='ltr'><strong>homo</strong></span> <span class='ocrx_word' id='word_1_162' title='bbox 1921 1188 1967 1233; x_wconf 91' lang='lat' dir='ltr'><strong>in</strong></span> <span class='ocrx_word' id='word_1_163' title='bbox 2007 1187 2220 1234; x_wconf 87' lang='lat' dir='ltr'><strong>historico</strong></span> <span class='ocrx_word' id='word_1_164' title='bbox 2255 1204 2387 1237; x_wconf 89' lang='lat' dir='ltr'><strong>natu-</strong></span> 
     </span>
     <span class='ocr_line' id='line_1_16' title="bbox 404 1253 2387 1321; baseline -0.002 -16"><span class='ocrx_word' id='word_1_165' title='bbox 404 1257 501 1313; x_wconf 84' lang='lat' dir='ltr'><strong>rali,</strong></span> <span class='ocrx_word' id='word_1_166' title='bbox 548 1259 631 1321; x_wconf 90' lang='lat' dir='ltr'><strong>qui</strong></span> <span class='ocrx_word' id='word_1_167' title='bbox 661 1256 758 1303; x_wconf 88' lang='lat' dir='ltr'><strong>bini</strong></span> <span class='ocrx_word' id='word_1_168' title='bbox 793 1253 958 1312; x_wconf 92' lang='lat' dir='ltr'><strong>sensus,</strong></span> <span class='ocrx_word' id='word_1_169' title='bbox 996 1270 1140 1319; x_wconf 88' lang='lat' dir='ltr'><strong>quam</strong></span> <span class='ocrx_word' id='word_1_170' title='bbox 1180 1256 1346 1302; x_wconf 88' lang='lat' dir='ltr'><strong>remoti</strong></span> <span class='ocrx_word' id='word_1_171' title='bbox 1382 1265 1633 1318; x_wconf 85' lang='lat' dir='ltr'><strong>appareant</strong></span> <span class='ocrx_word' id='word_1_172' title='bbox 1666 1269 1692 1300; x_wconf 91' lang='lat' dir='ltr'><strong>a</strong></span> <span class='ocrx_word' id='word_1_173' title='bbox 1723 1253 1765 1300; x_wconf 92' lang='lat' dir='ltr'><strong>se</strong></span> <span class='ocrx_word' id='word_1_174' title='bbox 1799 1253 2016 1309; x_wconf 84' lang='lat' dir='ltr'><strong>invicem,</strong></span> <span class='ocrx_word' id='word_1_175' title='bbox 2056 1255 2234 1301; x_wconf 84' lang='lat' dir='ltr'><strong>tametfi</strong></span> <span class='ocrx_word' id='word_1_176' title='bbox 2278 1271 2387 1304; x_wconf 91' lang='lat' dir='ltr'><strong>con-</strong></span> 
     </span>
     <span class='ocr_line' id='line_1_17' title="bbox 395 1319 2387 1387; baseline -0.001 -17"><span class='ocrx_word' id='word_1_177' title='bbox 395 1321 666 1387; x_wconf 85' lang='lat' dir='ltr'><strong>junctiffimi</strong></span> <span class='ocrx_word' id='word_1_178' title='bbox 712 1321 835 1377; x_wconf 87' lang='lat' dir='ltr'><strong>sunt,</strong></span> <span class='ocrx_word' id='word_1_179' title='bbox 879 1321 938 1367; x_wconf 87' lang='lat' dir='ltr'><strong>ab</strong></span> <span class='ocrx_word' id='word_1_180' title='bbox 974 1320 1045 1367; x_wconf 91' lang='lat' dir='ltr'><strong>his</strong></span> <span class='ocrx_word' id='word_1_181' title='bbox 1078 1322 1129 1369; x_wconf 80' lang='grc' dir='ltr'><strong>δε</strong></span> <span class='ocrx_word' id='word_1_182' title='bbox 1173 1319 1357 1384; x_wconf 82' lang='lat' dir='ltr'><strong>reliquis</strong></span> <span class='ocrx_word' id='word_1_183' title='bbox 1396 1319 1650 1368; x_wconf 85' lang='lat' dir='ltr'><strong>luculenter</strong></span> <span class='ocrx_word' id='word_1_184' title='bbox 1687 1326 1842 1383; x_wconf 80' lang='lat' dir='ltr'><strong>patere</strong></span> <span class='ocrx_word' id='word_1_185' title='bbox 1877 1319 2043 1381; x_wconf 87' lang='lat' dir='ltr'><strong>potest.</strong></span> <span class='ocrx_word' id='word_1_186' title='bbox 2115 1320 2299 1382; x_wconf 88' lang='lat' dir='ltr'><strong>Ipsum·</strong></span> <span class='ocrx_word' id='word_1_187' title='bbox 2319 1338 2387 1368; x_wconf 83' lang='lat' dir='ltr'><strong>ar-</strong></span> 
     </span>
     <span class='ocr_line' id='line_1_18' title="bbox 405 1384 2385 1452; baseline -0.001 -15"><span class='ocrx_word' id='word_1_188' title='bbox 405 1403 590 1444; x_wconf 86' lang='lat' dir='ltr'><strong>canum,</strong></span> <span class='ocrx_word' id='word_1_189' title='bbox 652 1386 780 1452; x_wconf 88' lang='lat' dir='ltr'><strong>quod</strong></span> <span class='ocrx_word' id='word_1_190' title='bbox 818 1386 865 1442; x_wconf 84' lang='lat' dir='ltr'><strong>in</strong></span> <span class='ocrx_word' id='word_1_191' title='bbox 893 1386 962 1434; x_wconf 65' lang='lat' dir='ltr'><strong>hie</strong></span> <span class='ocrx_word' id='word_1_192' title='bbox 990 1387 1042 1434; x_wconf 78' lang='grc' dir='ltr'><strong>ὅτ</strong></span> <span class='ocrx_word' id='word_1_193' title='bbox 1077 1385 1370 1450; x_wconf 82' lang='lat' dir='ltr'><strong>sequentibus</strong></span> <span class='ocrx_word' id='word_1_194' title='bbox 1410 1384 1546 1447; x_wconf 82' lang='lat' dir='ltr'><strong>hujus</strong></span> <span class='ocrx_word' id='word_1_195' title='bbox 1577 1385 1756 1449; x_wconf 78' lang='lat' dir='ltr'><strong>Capitis</strong></span> <span class='ocrx_word' id='word_1_196' title='bbox 1791 1385 1922 1440; x_wconf 87' lang='lat' dir='ltr'><strong>inest,</strong></span> <span class='ocrx_word' id='word_1_197' title='bbox 1977 1385 2171 1448; x_wconf 90' lang='lat' dir='ltr'><strong>quidem</strong></span> <span class='ocrx_word' id='word_1_198' title='bbox 2209 1387 2385 1451; x_wconf 80' lang='lat' dir='ltr'><strong>aliqua-</strong></span> 
     </span>
     <span class='ocr_line' id='line_1_19' title="bbox 405 1450 2385 1517; baseline -0.001 -15"><span class='ocrx_word' id='word_1_199' title='bbox 405 1466 538 1502; x_wconf 83' lang='lat' dir='ltr'><strong>tenus</strong></span> <span class='ocrx_word' id='word_1_200' title='bbox 566 1452 664 1501; x_wconf 85' lang='lat' dir='ltr'><strong>sciri</strong></span> <span class='ocrx_word' id='word_1_201' title='bbox 698 1451 863 1517; x_wconf 87' lang='lat' dir='ltr'><strong>potest,</strong></span> <span class='ocrx_word' id='word_1_202' title='bbox 899 1451 959 1499; x_wconf 85' lang='lat' dir='ltr'><strong>ab</strong></span> <span class='ocrx_word' id='word_1_203' title='bbox 986 1451 1073 1499; x_wconf 85' lang='lat' dir='ltr'><strong>illis</strong></span> <span class='ocrx_word' id='word_1_204' title='bbox 1094 1468 1204 1516; x_wconf 83' lang='lat' dir='ltr'><strong>quae</strong></span> <span class='ocrx_word' id='word_1_205' title='bbox 1226 1451 1353 1517; x_wconf 78' lang='lat' dir='ltr'><strong>prius</strong></span> <span class='ocrx_word' id='word_1_206' title='bbox 1391 1451 1449 1500; x_wconf 90' lang='lat' dir='ltr'><strong>de</strong></span> <span class='ocrx_word' id='word_1_207' title='bbox 1473 1451 1660 1499; x_wconf 69' lang='lat' dir='ltr'><strong>[ahane</strong></span> <span class='ocrx_word' id='word_1_208' title='bbox 1704 1452 1762 1498; x_wconf 70' lang='grc' dir='ltr'><strong>δι’</strong></span> <span class='ocrx_word' id='word_1_209' title='bbox 1797 1450 1856 1497; x_wconf 92' lang='lat' dir='ltr'><strong>de</strong></span> <span class='ocrx_word' id='word_1_210' title='bbox 1880 1451 2059 1512; x_wconf 91' lang='lat' dir='ltr'><strong>Jacobo</strong></span> <span class='ocrx_word' id='word_1_211' title='bbox 2097 1451 2218 1498; x_wconf 88' lang='lat' dir='ltr'><strong>dicta</strong></span> <span class='ocrx_word' id='word_1_212' title='bbox 2261 1453 2385 1511; x_wconf 87' lang='lat' dir='ltr'><strong>sunt,</strong></span> 
     </span>
     <span class='ocr_line' id='line_1_20' title="bbox 405 1515 2385 1584; baseline -0.001 -17"><span class='ocrx_word' id='word_1_213' title='bbox 405 1519 535 1584; x_wconf 87' lang='lat' dir='ltr'><strong>quod</strong></span> <span class='ocrx_word' id='word_1_214' title='bbox 571 1533 740 1582; x_wconf 89' lang='lat' dir='ltr'><strong>nempe</strong></span> <span class='ocrx_word' id='word_1_215' title='bbox 775 1517 951 1574; x_wconf 72' lang='lat' dir='ltr'><strong>Laba‘n,</strong></span> <span class='ocrx_word' id='word_1_216' title='bbox 986 1517 1042 1566; x_wconf 87' lang='lat' dir='ltr'><strong>fit</strong></span> <span class='ocrx_word' id='word_1_217' title='bbox 1068 1519 1157 1570; x_wconf 85' lang='lat' dir='ltr'><strong>tale</strong></span> <span class='ocrx_word' id='word_1_218' title='bbox 1190 1518 1386 1574; x_wconf 88' lang='lat' dir='ltr'><strong>bonum,</strong></span> <span class='ocrx_word' id='word_1_219' title='bbox 1437 1533 1519 1581; x_wconf 90' lang='lat' dir='ltr'><strong>per</strong></span> <span class='ocrx_word' id='word_1_220' title='bbox 1551 1515 1681 1582; x_wconf 90' lang='lat' dir='ltr'><strong>quod</strong></span> <span class='ocrx_word' id='word_1_221' title='bbox 1721 1517 1839 1564; x_wconf 91' lang='lat' dir='ltr'><strong>bona</strong></span> <span class='ocrx_word' id='word_1_222' title='bbox 1861 1517 1912 1563; x_wconf 83' lang='lat'>&amp;</span> <span class='ocrx_word' id='word_1_223' title='bbox 1947 1531 2052 1563; x_wconf 85' lang='lat' dir='ltr'><strong>vera</strong></span> <span class='ocrx_word' id='word_1_224' title='bbox 2084 1517 2282 1577; x_wconf 85' lang='lat' dir='ltr'><strong>genuina</strong></span> <span class='ocrx_word' id='word_1_225' title='bbox 2316 1520 2385 1566; x_wconf 87' lang='lat' dir='ltr'><strong>in-</strong></span> 
     </span>
     <span class='ocr_line' id='line_1_21' title="bbox 404 1581 2386 1648; baseline 0 -16"><span class='ocrx_word' id='word_1_226' title='bbox 404 1584 584 1633; x_wconf 84' lang='lat' dir='ltr'><strong>troduci</strong></span> <span class='ocrx_word' id='word_1_227' title='bbox 625 1584 807 1648; x_wconf 80' lang='lat' dir='ltr'><strong>poffinr&#39;,</strong></span> <span class='ocrx_word' id='word_1_228' title='bbox 842 1585 894 1632; x_wconf 78' lang='grc' dir='ltr'><strong>ὅτ</strong></span> <span class='ocrx_word' id='word_1_229' title='bbox 931 1583 1059 1647; x_wconf 88' lang='lat' dir='ltr'><strong>quod</strong></span> <span class='ocrx_word' id='word_1_230' title='bbox 1093 1584 1242 1644; x_wconf 91' lang='lat' dir='ltr'><strong>Jacob</strong></span> <span class='ocrx_word' id='word_1_231' title='bbox 1287 1584 1342 1631; x_wconf 88' lang='lat' dir='ltr'><strong>fit</strong></span> <span class='ocrx_word' id='word_1_232' title='bbox 1379 1584 1559 1631; x_wconf 89' lang='lat' dir='ltr'><strong>bonum</strong></span> <span class='ocrx_word' id='word_1_233' title='bbox 1605 1581 1732 1636; x_wconf 79' lang='lat' dir='ltr'><strong>veri3</strong></span> <span class='ocrx_word' id='word_1_234' title='bbox 1782 1581 1856 1632; x_wconf 89' lang='lat' dir='ltr'><strong>sed</strong></span> <span class='ocrx_word' id='word_1_235' title='bbox 1892 1582 2003 1645; x_wconf 87' lang='lat' dir='ltr'><strong>quia</strong></span> <span class='ocrx_word' id='word_1_236' title='bbox 2050 1583 2185 1645; x_wconf 89' lang='lat' dir='ltr'><strong>pauci</strong></span> <span class='ocrx_word' id='word_1_237' title='bbox 2221 1583 2386 1642; x_wconf 86' lang='lat' dir='ltr'><strong>sciunt,</strong></span> 
     </span>
     <span class='ocr_line' id='line_1_22' title="bbox 405 1648 2391 1715; baseline 0.001 -17"><span class='ocrx_word' id='word_1_238' title='bbox 405 1651 520 1715; x_wconf 86' lang='lat' dir='ltr'><strong>quid</strong></span> <span class='ocrx_word' id='word_1_239' title='bbox 550 1651 608 1698; x_wconf 85' lang='lat' dir='ltr'><strong>fit</strong></span> <span class='ocrx_word' id='word_1_240' title='bbox 644 1650 844 1697; x_wconf 89' lang='lat' dir='ltr'><strong>naturale</strong></span> <span class='ocrx_word' id='word_1_241' title='bbox 873 1649 1228 1713; x_wconf 83' lang='lat' dir='ltr'><strong>correspondens</strong></span> <span class='ocrx_word' id='word_1_242' title='bbox 1266 1649 1392 1701; x_wconf 85' lang='lat' dir='ltr'><strong>bono</strong></span> <span class='ocrx_word' id='word_1_243' title='bbox 1426 1648 1662 1710; x_wconf 67' lang='lat' dir='ltr'><strong>spirituali,</strong></span> <span class='ocrx_word' id='word_1_244' title='bbox 1699 1649 1750 1695; x_wconf 74' lang='grc' dir='ltr'><strong>δε</strong></span> <span class='ocrx_word' id='word_1_245' title='bbox 1786 1649 2020 1711; x_wconf 76' lang='lat' dir='ltr'><strong>pauciores</strong></span> <span class='ocrx_word' id='word_1_246' title='bbox 2051 1648 2167 1711; x_wconf 88' lang='lat' dir='ltr'><strong>quid</strong></span> <span class='ocrx_word' id='word_1_247' title='bbox 2207 1649 2391 1699; x_wconf 80' lang='lat' dir='ltr'><strong>bonum</strong></span> 
     </span>
     <span class='ocr_line' id='line_1_23' title="bbox 401 1712 2385 1780; baseline 0.001 -17"><span class='ocrx_word' id='word_1_248' title='bbox 401 1715 650 1780; x_wconf 77' lang='lat' dir='ltr'><strong>spirituale,</strong></span> <span class='ocrx_word' id='word_1_249' title='bbox 702 1716 755 1762; x_wconf 72' lang='grc' dir='ltr'><strong>δι·</strong></span> <span class='ocrx_word' id='word_1_250' title='bbox 788 1713 915 1777; x_wconf 86' lang='lat' dir='ltr'><strong>quod</strong></span> <span class='ocrx_word' id='word_1_251' title='bbox 951 1713 1351 1777; x_wconf 79' lang='lat' dir='ltr'><strong>correspondentia&#39;</strong></span> <span class='ocrx_word' id='word_1_252' title='bbox 1387 1714 1496 1765; x_wconf 68' lang='lat' dir='ltr'><strong>efle</strong></span> <span class='ocrx_word' id='word_1_253' title='bbox 1515 1714 1697 1769; x_wconf 85' lang='lat' dir='ltr'><strong>debeat,</strong></span> <span class='ocrx_word' id='word_1_254' title='bbox 1727 1714 1778 1760; x_wconf 79' lang='grc' dir='ltr'><strong>δε</strong></span> <span class='ocrx_word' id='word_1_255' title='bbox 1816 1712 1969 1770; x_wconf 80' lang='lat' dir='ltr'><strong>adhuc·</strong></span> <span class='ocrx_word' id='word_1_256' title='bbox 2003 1714 2242 1775; x_wconf 66' lang='lat' dir='ltr'><strong>pauciores</strong></span> <span class='ocrx_word' id='word_1_257' title='bbox 2256 1718 2385 1778; x_wconf 86' lang='lat' dir='ltr'><strong>quod</strong></span> 
     </span>
     <span class='ocr_line' id='line_1_24' title="bbox 402 1778 2396 1842; baseline 0.001 -13"><span class='ocrx_word' id='word_1_258' title='bbox 402 1780 579 1829; x_wconf 82' lang='lat' dir='ltr'><strong>bonum</strong></span> <span class='ocrx_word' id='word_1_259' title='bbox 607 1779 850 1842; x_wconf 76' lang='lat' dir='ltr'><strong>quoddam</strong></span> <span class='ocrx_word' id='word_1_260' title='bbox 882 1793 1100 1841; x_wconf 76' lang='lat' dir='ltr'><strong>apparens</strong></span> <span class='ocrx_word' id='word_1_261' title='bbox 1135 1793 1190 1827; x_wconf 86' lang='lat' dir='ltr'><strong>ut</strong></span> <span class='ocrx_word' id='word_1_262' title='bbox 1213 1780 1392 1827; x_wconf 87' lang='lat' dir='ltr'><strong>bonum</strong></span> <span class='ocrx_word' id='word_1_263' title='bbox 1414 1780 1467 1826; x_wconf 87' lang='lat' dir='ltr'><strong>fit</strong></span> <span class='ocrx_word' id='word_1_264' title='bbox 1489 1779 1701 1840; x_wconf 77' lang='lat' dir='ltr'><strong>medium</strong></span> <span class='ocrx_word' id='word_1_265' title='bbox 1725 1778 2041 1841; x_wconf 75' lang='lat' dir='ltr'><strong>introducendi</strong></span> <span class='ocrx_word' id='word_1_266' title='bbox 2067 1779 2186 1826; x_wconf 78' lang='lat' dir='ltr'><strong>bona</strong></span> <span class='ocrx_word' id='word_1_267' title='bbox 2207 1782 2268 1828; x_wconf 73' lang='grc' dir='ltr'><strong>ὅτ-</strong></span> <span class='ocrx_word' id='word_1_268' title='bbox 2282 1797 2396 1830; x_wconf 66' lang='lat' dir='ltr'><strong>vera</strong></span> 
     </span>
     <span class='ocr_line' id='line_1_25' title="bbox 402 1841 2393 1910; baseline 0.001 -17"><span class='ocrx_word' id='word_1_269' title='bbox 402 1847 646 1910; x_wconf 76' lang='lat' dir='ltr'><strong>gunuina,</strong></span> <span class='ocrx_word' id='word_1_270' title='bbox 667 1845 775 1891; x_wconf 90' lang='lat' dir='ltr'><strong>ideo</strong></span> <span class='ocrx_word' id='word_1_271' title='bbox 796 1857 954 1890; x_wconf 67' lang='lat' dir='ltr'><strong>areana</strong></span> <span class='ocrx_word' id='word_1_272' title='bbox 974 1849 1083 1907; x_wconf 81' lang='lat' dir='ltr'><strong>quae</strong></span> <span class='ocrx_word' id='word_1_273' title='bbox 1104 1844 1162 1891; x_wconf 92' lang='lat' dir='ltr'><strong>de</strong></span> <span class='ocrx_word' id='word_1_274' title='bbox 1185 1842 1277 1891; x_wconf 78' lang='lat' dir='ltr'><strong>illis</strong></span> <span class='ocrx_word' id='word_1_275' title='bbox 1295 1855 1454 1905; x_wconf 75' lang='lat' dir='ltr'><strong>agunt,</strong></span> <span class='ocrx_word' id='word_1_276' title='bbox 1490 1859 1583 1890; x_wconf 89' lang='lat' dir='ltr'><strong>non</strong></span> <span class='ocrx_word' id='word_1_277' title='bbox 1607 1841 1741 1890; x_wconf 74' lang='lat' dir='ltr'><strong>facile</strong></span> <span class='ocrx_word' id='word_1_278' title='bbox 1772 1843 1836 1890; x_wconf 86' lang='lat' dir='ltr'><strong>ad&#39;</strong></span> <span class='ocrx_word' id='word_1_279' title='bbox 1854 1855 2054 1907; x_wconf 28' lang='lat' dir='ltr'><strong>*captum</strong></span> <span class='ocrx_word' id='word_1_280' title='bbox 2088 1846 2272 1908; x_wconf 83' lang='lat' dir='ltr'><strong>poffunt</strong></span> <span class='ocrx_word' id='word_1_281' title='bbox 2307 1863 2393 1895; x_wconf 76' lang='lat' dir='ltr'><strong>ex·</strong></span> 
     </span>
     <span class='ocr_line' id='line_1_26' title="bbox 401 1909 2385 1976; baseline 0.001 -18"><span class='ocrx_word' id='word_1_282' title='bbox 401 1913 534 1976; x_wconf 79' lang='lat' dir='ltr'><strong>poni,</strong></span> <span class='ocrx_word' id='word_1_283' title='bbox 558 1913 680 1958; x_wconf 71' lang='lat' dir='ltr'><strong>&#39;narn</strong></span> <span class='ocrx_word' id='word_1_284' title='bbox 702 1910 750 1956; x_wconf 88' lang='lat' dir='ltr'><strong>in</strong></span> <span class='ocrx_word' id='word_1_285' title='bbox 771 1909 987 1957; x_wconf 84' lang='lat' dir='ltr'><strong>umbram</strong></span> <span class='ocrx_word' id='word_1_286' title='bbox 1011 1909 1264 1958; x_wconf 84' lang='lat' dir='ltr'><strong>intellectus</strong></span> <span class='ocrx_word' id='word_1_287' title='bbox 1299 1909 1485 1965; x_wconf 87' lang='lat' dir='ltr'><strong>cadunt,</strong></span> <span class='ocrx_word' id='word_1_288' title='bbox 1520 1910 1572 1957; x_wconf 74' lang='grc' dir='ltr'><strong>ὅτ</strong></span> <span class='ocrx_word' id='word_1_289' title='bbox 1594 1909 1659 1956; x_wconf 73' lang='lat' dir='ltr'><strong>est</strong></span> <span class='ocrx_word' id='word_1_290' title='bbox 1682 1909 1794 1957; x_wconf 79' lang='lat' dir='ltr'><strong>sicut</strong></span> <span class='ocrx_word' id='word_1_291' title='bbox 1829 1910 1933 1973; x_wconf 81' lang='lat' dir='ltr'><strong>quis</strong></span> <span class='ocrx_word' id='word_1_292' title='bbox 1956 1911 2097 1957; x_wconf 87' lang='lat' dir='ltr'><strong>aliena</strong></span> <span class='ocrx_word' id='word_1_293' title='bbox 2136 1910 2295 1974; x_wconf 87' lang='lat' dir='ltr'><strong>lingua</strong></span> <span class='ocrx_word' id='word_1_294' title='bbox 2317 1914 2385 1960; x_wconf 94' lang='lat' dir='ltr'><strong>lo-</strong></span> 
     </span>
     <span class='ocr_line' id='line_1_27' title="bbox 404 1973 2474 2042; baseline -0 -16"><span class='ocrx_word' id='word_1_295' title='bbox 404 1980 578 2042; x_wconf 83' lang='lat' dir='ltr'><strong>quitur,</strong></span> <span class='ocrx_word' id='word_1_296' title='bbox 615 1977 667 2024; x_wconf 73' lang='lat'><strong>&amp;1</strong></span> <span class='ocrx_word' id='word_1_297' title='bbox 703 1976 750 2022; x_wconf 89' lang='lat' dir='ltr'><strong>in</strong></span> <span class='ocrx_word' id='word_1_298' title='bbox 782 1991 835 2022; x_wconf 87' lang='lat' dir='ltr'><strong>ea</strong></span> <span class='ocrx_word' id='word_1_299' title='bbox 870 1988 1105 2038; x_wconf 77' lang='lat' dir='ltr'><strong>utcunque</strong></span> <span class='ocrx_word' id='word_1_300' title='bbox 1142 1973 1260 2023; x_wconf 83' lang='lat' dir='ltr'><strong>clare</strong></span> <span class='ocrx_word' id='word_1_301' title='bbox 1282 1975 1474 2038; x_wconf 83' lang='lat' dir='ltr'><strong>exponit</strong></span> <span class='ocrx_word' id='word_1_302' title='bbox 1514 1990 1632 2031; x_wconf 87' lang='lat' dir='ltr'><strong>rem,</strong></span> <span class='ocrx_word' id='word_1_303' title='bbox 1668 1974 1811 2038; x_wconf 88' lang='lat' dir='ltr'><strong>usque</strong></span> <span class='ocrx_word' id='word_1_304' title='bbox 1846 1975 2041 2022; x_wconf 79' lang='lat' dir='ltr'><strong>audiens</strong></span> <span class='ocrx_word' id='word_1_305' title='bbox 2082 1992 2175 2023; x_wconf 88' lang='lat' dir='ltr'><strong>non</strong></span> <span class='ocrx_word' id='word_1_306' title='bbox 2216 1979 2383 2025; x_wconf 81' lang='lat' dir='ltr'><strong>intelli·</strong></span> <span class='ocrx_word' id='word_1_307' title='bbox 2472 2012 2474 2015; x_wconf 88' lang='lat'><em>-</em></span> 
     </span>
     <span class='ocr_line' id='line_1_28' title="bbox 406 2039 2388 2105; baseline 0.001 -15"><span class='ocrx_word' id='word_1_308' title='bbox 406 2043 514 2105; x_wconf 86' lang='lat' dir='ltr'><strong>git;</strong></span> <span class='ocrx_word' id='word_1_309' title='bbox 565 2042 640 2089; x_wconf 87' lang='lat' dir='ltr'><strong>sed</strong></span> <span class='ocrx_word' id='word_1_310' title='bbox 677 2040 855 2089; x_wconf 76' lang='lat' dir='ltr'><strong>tametsi</strong></span> <span class='ocrx_word' id='word_1_311' title='bbox 891 2040 955 2088; x_wconf 86' lang='lat' dir='ltr'><strong>ita</strong></span> <span class='ocrx_word' id='word_1_312' title='bbox 990 2041 1071 2098; x_wconf 89' lang='lat' dir='ltr'><strong>est,</strong></span> <span class='ocrx_word' id='word_1_313' title='bbox 1126 2041 1270 2105; x_wconf 86' lang='lat' dir='ltr'><strong>usque</strong></span> <span class='ocrx_word' id='word_1_314' title='bbox 1301 2040 1571 2097; x_wconf 89' lang='lat' dir='ltr'><strong>dicendum,</strong></span> <span class='ocrx_word' id='word_1_315' title='bbox 1620 2042 1728 2103; x_wconf 89' lang='lat' dir='ltr'><strong>quia</strong></span> <span class='ocrx_word' id='word_1_316' title='bbox 1774 2039 1894 2103; x_wconf 82' lang='lat' dir='ltr'><strong>quid&#39;</strong></span> <span class='ocrx_word' id='word_1_317' title='bbox 1919 2042 2130 2088; x_wconf 89' lang='lat' dir='ltr'><strong>Verbum</strong></span> <span class='ocrx_word' id='word_1_318' title='bbox 2169 2044 2216 2089; x_wconf 88' lang='lat' dir='ltr'><strong>in</strong></span> <span class='ocrx_word' id='word_1_319' title='bbox 2256 2043 2388 2092; x_wconf 77' lang='lat' dir='ltr'><strong>sensu</strong></span> 
     </span>
     <span class='ocr_line' id='line_1_29' title="bbox 405 2104 2382 2171; baseline 0.001 -15"><span class='ocrx_word' id='word_1_320' title='bbox 405 2108 586 2156; x_wconf 86' lang='lat' dir='ltr'><strong>interno</strong></span> <span class='ocrx_word' id='word_1_321' title='bbox 619 2107 841 2164; x_wconf 89' lang='lat' dir='ltr'><strong>recondit,</strong></span> <span class='ocrx_word' id='word_1_322' title='bbox 880 2104 1186 2171; x_wconf 83' lang='lat' dir='ltr'><strong>aperiendum</strong></span> <span class='ocrx_word' id='word_1_323' title='bbox 1214 2105 1309 2153; x_wconf 87' lang='lat' dir='ltr'><strong>est:</strong></span> <span class='ocrx_word' id='word_1_324' title='bbox 1356 2107 1535 2169; x_wconf 85' lang='lat' dir='ltr'><strong>Agitur</strong></span> <span class='ocrx_word' id='word_1_325' title='bbox 1569 2106 1642 2152; x_wconf 76' lang='lat' dir='ltr'><strong>hic</strong></span> <span class='ocrx_word' id='word_1_326' title='bbox 1692 2105 1739 2153; x_wconf 86' lang='lat' dir='ltr'><strong>in</strong></span> <span class='ocrx_word' id='word_1_327' title='bbox 1778 2105 1905 2152; x_wconf 66' lang='lat' dir='ltr'><strong>sensu</strong></span> <span class='ocrx_word' id='word_1_328' title='bbox 1944 2106 2160 2170; x_wconf 87' lang='lat' dir='ltr'><strong>supremo</strong></span> <span class='ocrx_word' id='word_1_329' title='bbox 2196 2108 2254 2154; x_wconf 91' lang='lat' dir='ltr'><strong>de</strong></span> <span class='ocrx_word' id='word_1_330' title='bbox 2280 2110 2382 2157; x_wconf 90' lang='lat' dir='ltr'><strong>Do-</strong></span> 
     </span>
     <span class='ocr_line' id='line_1_30' title="bbox 403 2171 2380 2237; baseline 0 -15"><span class='ocrx_word' id='word_1_331' title='bbox 403 2176 553 2231; x_wconf 88' lang='lat' dir='ltr'><strong>mino,</strong></span> <span class='ocrx_word' id='word_1_332' title='bbox 590 2172 832 2237; x_wconf 89' lang='lat' dir='ltr'><strong>quomodo</strong></span> <span class='ocrx_word' id='word_1_333' title='bbox 857 2172 956 2236; x_wconf 88' lang='lat' dir='ltr'><strong>Ipse</strong></span> <span class='ocrx_word' id='word_1_334' title='bbox 976 2171 1200 2219; x_wconf 85' lang='lat' dir='ltr'><strong>Naturale</strong></span> <span class='ocrx_word' id='word_1_335' title='bbox 1225 2171 1360 2220; x_wconf 88' lang='lat' dir='ltr'><strong>suurn</strong></span> <span class='ocrx_word' id='word_1_336' title='bbox 1385 2172 1616 2220; x_wconf 86' lang='lat' dir='ltr'><strong>Divinum</strong></span> <span class='ocrx_word' id='word_1_337' title='bbox 1641 2171 1747 2219; x_wconf 76' lang='lat' dir='ltr'><strong>fecit</strong></span> <span class='ocrx_word' id='word_1_338' title='bbox 1767 2190 1781 2224; x_wconf 71' lang='grc' dir='ltr'>ς</span> <span class='ocrx_word' id='word_1_339' title='bbox 1818 2173 1868 2219; x_wconf 87' lang='lat'>&amp;</span> <span class='ocrx_word' id='word_1_340' title='bbox 1890 2174 1946 2218; x_wconf 79' lang='lat' dir='ltr'><strong>in·</strong></span> <span class='ocrx_word' id='word_1_341' title='bbox 1972 2172 2100 2220; x_wconf 85' lang='lat' dir='ltr'><strong>sensu</strong></span> <span class='ocrx_word' id='word_1_342' title='bbox 2134 2175 2380 2237; x_wconf 87' lang='lat' dir='ltr'><strong>repraesen-</strong></span> 
     </span>
     <span class='ocr_line' id='line_1_31' title="bbox 399 2237 2401 2304; baseline 0.001 -17"><span class='ocrx_word' id='word_1_343' title='bbox 399 2241 548 2287; x_wconf 83' lang='lat' dir='ltr'><strong>tativo</strong></span> <span class='ocrx_word' id='word_1_344' title='bbox 563 2238 620 2287; x_wconf 85' lang='lat' dir='ltr'><strong>de</strong></span> <span class='ocrx_word' id='word_1_345' title='bbox 635 2238 841 2286; x_wconf 85' lang='lat' dir='ltr'><strong>Naturali</strong></span> <span class='ocrx_word' id='word_1_346' title='bbox 864 2238 990 2302; x_wconf 88' lang='lat' dir='ltr'><strong>apud</strong></span> <span class='ocrx_word' id='word_1_347' title='bbox 1006 2238 1267 2295; x_wconf 86' lang='lat' dir='ltr'><strong>hominem,</strong></span> <span class='ocrx_word' id='word_1_348' title='bbox 1291 2238 1534 2303; x_wconf 87' lang='lat' dir='ltr'><strong>quomodo</strong></span> <span class='ocrx_word' id='word_1_349' title='bbox 1548 2238 1782 2285; x_wconf 77' lang='lat' dir='ltr'><strong>Dominus</strong></span> <span class='ocrx_word' id='word_1_350' title='bbox 1799 2237 1846 2284; x_wconf 89' lang='lat' dir='ltr'><strong>id</strong></span> <span class='ocrx_word' id='word_1_351' title='bbox 1870 2250 2116 2298; x_wconf 79' lang='lat' dir='ltr'><strong>regenerat,</strong></span> <span class='ocrx_word' id='word_1_352' title='bbox 2139 2240 2191 2286; x_wconf 79' lang='grc' dir='ltr'><strong>δε</strong></span> <span class='ocrx_word' id='word_1_353' title='bbox 2213 2241 2401 2304; x_wconf 76' lang='lat' dir='ltr'><strong>redigit-</strong></span> 
     </span>
     <span class='ocr_line' id='line_1_32' title="bbox 397 2302 2401 2368; baseline 0.001 -17"><span class='ocrx_word' id='word_1_354' title='bbox 397 2304 455 2351; x_wconf 88' lang='lat' dir='ltr'><strong>ad</strong></span> <span class='ocrx_word' id='word_1_355' title='bbox 470 2303 912 2366; x_wconf 79' lang='lat' dir='ltr'><strong>correspondentiam</strong></span> <span class='ocrx_word' id='word_1_356' title='bbox 930 2303 1280 2351; x_wconf 87' lang='lat' dir='ltr'><strong>cumInterioris</strong></span> <span class='ocrx_word' id='word_1_357' title='bbox 1301 2303 1394 2368; x_wconf 88' lang='lat' dir='ltr'><strong>ejus</strong></span> <span class='ocrx_word' id='word_1_358' title='bbox 1410 2304 1616 2359; x_wconf 89' lang='lat' dir='ltr'><strong>homine,</strong></span> <span class='ocrx_word' id='word_1_359' title='bbox 1638 2303 1726 2351; x_wconf 91' lang='lat' dir='ltr'><strong>hoc</strong></span> <span class='ocrx_word' id='word_1_360' title='bbox 1748 2302 1828 2359; x_wconf 90' lang='lat' dir='ltr'><strong>est,</strong></span> <span class='ocrx_word' id='word_1_361' title='bbox 1852 2318 1964 2350; x_wconf 89' lang='lat' dir='ltr'><strong>cum</strong></span> <span class='ocrx_word' id='word_1_362' title='bbox 1984 2302 2064 2351; x_wconf 87' lang='lat' dir='ltr'><strong>illo</strong></span> <span class='ocrx_word' id='word_1_363' title='bbox 2076 2305 2158 2368; x_wconf 83' lang='lat' dir='ltr'><strong>qui</strong></span> <span class='ocrx_word' id='word_1_364' title='bbox 2174 2306 2401 2354; x_wconf 52' lang='lat' dir='ltr'><strong>victurus</strong></span> 
     </span>
     <span class='ocr_line' id='line_1_33' title="bbox 400 2369 2383 2434; baseline 0.002 -17"><span class='ocrx_word' id='word_1_365' title='bbox 400 2370 508 2434; x_wconf 90' lang='lat' dir='ltr'><strong>post</strong></span> <span class='ocrx_word' id='word_1_366' title='bbox 527 2370 710 2417; x_wconf 87' lang='lat' dir='ltr'><strong>obitum</strong></span> <span class='ocrx_word' id='word_1_367' title='bbox 733 2369 949 2432; x_wconf 78' lang='lat' dir='ltr'><strong>corporis,</strong></span> <span class='ocrx_word' id='word_1_368' title='bbox 985 2370 1036 2416; x_wconf 87' lang='lat'>&amp;</span> <span class='ocrx_word' id='word_1_369' title='bbox 1060 2380 1169 2417; x_wconf 88' lang='lat' dir='ltr'><strong>tunc</strong></span> <span class='ocrx_word' id='word_1_370' title='bbox 1193 2369 1383 2433; x_wconf 88' lang='lat' dir='ltr'><strong>Spiritus</strong></span> <span class='ocrx_word' id='word_1_371' title='bbox 1419 2369 1618 2418; x_wconf 89' lang='lat' dir='ltr'><strong>hominis</strong></span> <span class='ocrx_word' id='word_1_372' title='bbox 1646 2382 1851 2423; x_wconf 84' lang='lat' dir='ltr'><strong>vocatur,</strong></span> <span class='ocrx_word' id='word_1_373' title='bbox 1886 2370 2097 2432; x_wconf 86' lang='lat' dir='ltr'><strong>quicum</strong></span> <span class='ocrx_word' id='word_1_374' title='bbox 2121 2369 2290 2417; x_wconf 82' lang='lat' dir='ltr'><strong>solutus</strong></span> <span class='ocrx_word' id='word_1_375' title='bbox 2312 2373 2383 2420; x_wconf 82' lang='lat' dir='ltr'><strong>est</strong></span> 
     </span>
    </p>
   </div>
   <div class='ocr_carea' id='block_1_3' title="bbox 314 2433 2383 2499">
    <p class='ocr_par' dir='ltr' id='par_1_3' title="bbox 314 2433 2383 2499">
     <span class='ocr_line' id='line_1_34' title="bbox 314 2433 2383 2499; baseline 0.001 -16"><span class='ocrx_word' id='word_1_376' title='bbox 314 2448 325 2455; x_wconf 59' lang='lat'><em>⁴</em></span> <span class='ocrx_word' id='word_1_377' title='bbox 397 2449 657 2498; x_wconf 74' lang='lat' dir='ltr'><strong>acorpore,</strong></span> <span class='ocrx_word' id='word_1_378' title='bbox 693 2434 846 2482; x_wconf 85' lang='lat' dir='ltr'><strong>secum</strong></span> <span class='ocrx_word' id='word_1_379' title='bbox 885 2434 1020 2482; x_wconf 87' lang='lat' dir='ltr'><strong>habet</strong></span> <span class='ocrx_word' id='word_1_380' title='bbox 1041 2436 1196 2483; x_wconf 84' lang='lat' dir='ltr'><strong>omnia</strong></span> <span class='ocrx_word' id='word_1_381' title='bbox 1234 2451 1344 2499; x_wconf 88' lang='lat' dir='ltr'><strong>quae</strong></span> <span class='ocrx_word' id='word_1_382' title='bbox 1365 2435 1562 2482; x_wconf 87' lang='lat' dir='ltr'><strong>Externi</strong></span> <span class='ocrx_word' id='word_1_383' title='bbox 1601 2434 1800 2482; x_wconf 84' lang='lat' dir='ltr'><strong>hominis</strong></span> <span class='ocrx_word' id='word_1_384' title='bbox 1834 2433 1954 2490; x_wconf 89' lang='lat' dir='ltr'><strong>sunt,</strong></span> <span class='ocrx_word' id='word_1_385' title='bbox 1990 2437 2288 2498; x_wconf 78' lang='lat' dir='ltr'><strong>praeterOffa</strong></span> <span class='ocrx_word' id='word_1_386' title='bbox 2323 2440 2383 2486; x_wconf 72' lang='grc' dir='ltr'><strong>δε</strong></span> 
     </span>
    </p>
   </div>
   <div class='ocr_carea' id='block_1_4' title="bbox 396 2492 2410 3220">
    <p class='ocr_par' dir='ltr' id='par_1_4' title="bbox 396 2492 2410 3220">
     <span class='ocr_line' id='line_1_35' title="bbox 400 2492 2376 2564; baseline 0.001 -16"><span class='ocrx_word' id='word_1_387' title='bbox 400 2515 617 2555; x_wconf 78' lang='lat' dir='ltr'><strong>carnem3</strong></span> <span class='ocrx_word' id='word_1_388' title='bbox 653 2500 735 2554; x_wconf 79' lang='lat' dir='ltr'><strong>nili</strong></span> <span class='ocrx_word' id='word_1_389' title='bbox 767 2492 1163 2564; x_wconf 88' lang='lat' dir='ltr'><strong>correspondentia</strong></span> <span class='ocrx_word' id='word_1_390' title='bbox 1184 2501 1353 2549; x_wconf 87' lang='lat' dir='ltr'><strong>Interni</strong></span> <span class='ocrx_word' id='word_1_391' title='bbox 1391 2500 1589 2549; x_wconf 83' lang='lat' dir='ltr'><strong>hominis</strong></span> <span class='ocrx_word' id='word_1_392' title='bbox 1627 2512 1737 2547; x_wconf 85' lang='lat' dir='ltr'><strong>cum</strong></span> <span class='ocrx_word' id='word_1_393' title='bbox 1759 2500 1974 2547; x_wconf 83' lang='lat' dir='ltr'><strong>Externo-</strong></span> <span class='ocrx_word' id='word_1_394' title='bbox 2001 2500 2122 2548; x_wconf 68' lang='lat' dir='ltr'><strong>faeta</strong></span> <span class='ocrx_word' id='word_1_395' title='bbox 2154 2500 2295 2549; x_wconf 20' lang='lat' dir='ltr'><strong>fuerit*</strong></span> <span class='ocrx_word' id='word_1_396' title='bbox 2326 2503 2376 2550; x_wconf 85' lang='lat' dir='ltr'><strong>in</strong></span> 
     </span>
     <span class='ocr_line' id='line_1_36' title="bbox 401 2564 2383 2631; baseline 0.002 -18"><span class='ocrx_word' id='word_1_397' title='bbox 401 2579 614 2631; x_wconf 78' lang='lat' dir='ltr'><strong>ternpore</strong></span> <span class='ocrx_word' id='word_1_398' title='bbox 637 2565 711 2614; x_wconf 93' lang='lat' dir='ltr'><strong>seu</strong></span> <span class='ocrx_word' id='word_1_399' title='bbox 758 2566 809 2613; x_wconf 75' lang='lat' dir='ltr'><strong>irr</strong></span> <span class='ocrx_word' id='word_1_400' title='bbox 843 2567 941 2613; x_wconf 77' lang='lat' dir='ltr'><strong>vita</strong></span> <span class='ocrx_word' id='word_1_401' title='bbox 960 2567 1187 2630; x_wconf 65' lang='lat' dir='ltr'><strong>‚eoi-poris,</strong></span> <span class='ocrx_word' id='word_1_402' title='bbox 1225 2566 1525 2629; x_wconf 84' lang='lat' dir='ltr'><strong>postmodum</strong></span> <span class='ocrx_word' id='word_1_403' title='bbox 1561 2580 1654 2612; x_wconf 88' lang='lat' dir='ltr'><strong>non</strong></span> <span class='ocrx_word' id='word_1_404' title='bbox 1675 2566 1765 2620; x_wconf 52' lang='lat' dir='ltr'><strong>fit}</strong></span> <span class='ocrx_word' id='word_1_405' title='bbox 1811 2565 1884 2613; x_wconf 65' lang='lat' dir='ltr'><strong>de&gt;</strong></span> <span class='ocrx_word' id='word_1_406' title='bbox 1905 2564 2223 2630; x_wconf 77' lang='lat' dir='ltr'><strong>conjunctione</strong></span> <span class='ocrx_word' id='word_1_407' title='bbox 2261 2570 2383 2616; x_wconf 61' lang='lat' dir='ltr'><strong>utri-</strong></span> 
     </span>
     <span class='ocr_line' id='line_1_37' title="bbox 399 2631 2374 2697; baseline 0.002 -18"><span class='ocrx_word' id='word_1_408' title='bbox 399 2631 544 2697; x_wconf 72' lang='lat' dir='ltr'><strong>usque</strong></span> <span class='ocrx_word' id='word_1_409' title='bbox 584 2647 666 2695; x_wconf 88' lang='lat' dir='ltr'><strong>per</strong></span> <span class='ocrx_word' id='word_1_410' title='bbox 692 2632 1085 2695; x_wconf 78' lang='lat' dir='ltr'><strong>regenerationem</strong></span> <span class='ocrx_word' id='word_1_411' title='bbox 1117 2632 1377 2680; x_wconf 82' lang='lat' dir='ltr'><strong>aDomino</strong></span> <span class='ocrx_word' id='word_1_412' title='bbox 1398 2633 1447 2679; x_wconf 83' lang='lat' dir='ltr'><strong>in</strong></span> <span class='ocrx_word' id='word_1_413' title='bbox 1482 2631 1607 2678; x_wconf 69' lang='lat' dir='ltr'><strong>sensu</strong></span> <span class='ocrx_word' id='word_1_414' title='bbox 1631 2633 1813 2678; x_wconf 76' lang='lat' dir='ltr'><strong>interno</strong></span> <span class='ocrx_word' id='word_1_415' title='bbox 1843 2631 1924 2692; x_wconf 84' lang='lat' dir='ltr'><strong>&#39;hic</strong></span> <span class='ocrx_word' id='word_1_416' title='bbox 1957 2633 2122 2693; x_wconf 82' lang='lat' dir='ltr'><strong>agitur.</strong></span> <span class='ocrx_word' id='word_1_417' title='bbox 2192 2634 2374 2682; x_wconf 87' lang='lat' dir='ltr'><strong>Actum</strong></span> 
     </span>
     <span class='ocr_line' id='line_1_38' title="bbox 398 2697 2380 2763; baseline 0.002 -19"><span class='ocrx_word' id='word_1_418' title='bbox 398 2698 477 2745; x_wconf 78' lang='lat' dir='ltr'><strong>est</strong></span> <span class='ocrx_word' id='word_1_419' title='bbox 491 2699 559 2745; x_wconf 91' lang='lat' dir='ltr'><strong>·de</strong></span> <span class='ocrx_word' id='word_1_420' title='bbox 590 2697 916 2745; x_wconf 86' lang='lat' dir='ltr'><strong>communibus</strong></span> <span class='ocrx_word' id='word_1_421' title='bbox 936 2697 1071 2756; x_wconf 84' lang='lat' dir='ltr'><strong>veris,</strong></span> <span class='ocrx_word' id='word_1_422' title='bbox 1107 2714 1218 2763; x_wconf 82' lang='lat' dir='ltr'><strong>quae</strong></span> <span class='ocrx_word' id='word_1_423' title='bbox 1237 2699 1384 2746; x_wconf 87' lang='lat' dir='ltr'><strong>homo</strong></span> <span class='ocrx_word' id='word_1_424' title='bbox 1403 2697 1602 2760; x_wconf 86' lang='lat' dir='ltr'><strong>recipere</strong></span> <span class='ocrx_word' id='word_1_425' title='bbox 1624 2699 1675 2744; x_wconf 79' lang='grc' dir='ltr'><strong>δε</strong></span> <span class='ocrx_word' id='word_1_426' title='bbox 1696 2697 1931 2760; x_wconf 82' lang='lat' dir='ltr'><strong>agnoscere</strong></span> <span class='ocrx_word' id='word_1_427' title='bbox 1952 2698 2104 2754; x_wconf 86' lang='lat' dir='ltr'><strong>debet,</strong></span> <span class='ocrx_word' id='word_1_428' title='bbox 2127 2711 2380 2763; x_wconf 82' lang='lat' dir='ltr'><strong>antequam</strong></span> 
     </span>
     <span class='ocr_line' id='line_1_39' title="bbox 399 2758 2386 2827; baseline 0.001 -18"><span class='ocrx_word' id='word_1_429' title='bbox 399 2764 648 2826; x_wconf 83' lang='lat' dir='ltr'><strong>regenerari</strong></span> <span class='ocrx_word' id='word_1_430' title='bbox 666 2763 838 2826; x_wconf 78' lang='lat' dir='ltr'><strong>potest3</strong></span> <span class='ocrx_word' id='word_1_431' title='bbox 859 2779 940 2826; x_wconf 85' lang='lat' dir='ltr'><strong>per</strong></span> <span class='ocrx_word' id='word_1_432' title='bbox 955 2762 1115 2817; x_wconf 86' lang='lat' dir='ltr'><strong>decem</strong></span> <span class='ocrx_word' id='word_1_433' title='bbox 1133 2763 1252 2812; x_wconf 79' lang='lat' dir='ltr'><strong>filios</strong></span> <span class='ocrx_word' id='word_1_434' title='bbox 1269 2763 1430 2827; x_wconf 85' lang='lat' dir='ltr'><strong>Jacobi</strong></span> <span class='ocrx_word' id='word_1_435' title='bbox 1448 2779 1507 2810; x_wconf 89' lang='lat' dir='ltr'><strong>ex</strong></span> <span class='ocrx_word' id='word_1_436' title='bbox 1522 2763 1616 2810; x_wconf 88' lang='lat' dir='ltr'><strong>Lea</strong></span> <span class='ocrx_word' id='word_1_437' title='bbox 1627 2764 1678 2810; x_wconf 77' lang='grc' dir='ltr'><strong>δε</strong></span> <span class='ocrx_word' id='word_1_438' title='bbox 1688 2758 1878 2819; x_wconf 70' lang='lat' dir='ltr'><strong>ancillis,</strong></span> <span class='ocrx_word' id='word_1_439' title='bbox 1896 2762 2238 2826; x_wconf 75' lang='lat' dir='ltr'><strong>illa-significata</strong></span> <span class='ocrx_word' id='word_1_440' title='bbox 2248 2766 2346 2812; x_wconf 88' lang='lat' dir='ltr'><strong>sunt</strong></span> <span class='ocrx_word' id='word_1_441' title='bbox 2359 2788 2386 2820; x_wconf 78' lang='lat'><strong>·‚</strong></span> 
     </span>
     <span class='ocr_line' id='line_1_40' title="bbox 403 2827 2410 2893; baseline 0.003 -18"><span class='ocrx_word' id='word_1_442' title='bbox 403 2829 453 2875; x_wconf 75' lang='grc' dir='ltr'><strong>δε</strong></span> <span class='ocrx_word' id='word_1_443' title='bbox 484 2828 727 2893; x_wconf 89' lang='lat' dir='ltr'><strong>postquam</strong></span> <span class='ocrx_word' id='word_1_444' title='bbox 760 2829 836 2882; x_wconf 86' lang='lat' dir='ltr'><strong>illa</strong></span> <span class='ocrx_word' id='word_1_445' title='bbox 860 2829 1076 2893; x_wconf 88' lang='lat' dir='ltr'><strong>receperit</strong></span> <span class='ocrx_word' id='word_1_446' title='bbox 1113 2830 1165 2877; x_wconf 74' lang='grc' dir='ltr'><strong>δε</strong></span> <span class='ocrx_word' id='word_1_447' title='bbox 1186 2829 1443 2893; x_wconf 84' lang='lat' dir='ltr'><strong>agnoverit,</strong></span> <span class='ocrx_word' id='word_1_448' title='bbox 1491 2828 1550 2875; x_wconf 91' lang='lat' dir='ltr'><strong>de</strong></span> <span class='ocrx_word' id='word_1_449' title='bbox 1585 2827 1902 2891; x_wconf 80' lang='lat' dir='ltr'><strong>conjunctione</strong></span> <span class='ocrx_word' id='word_1_450' title='bbox 1940 2829 2134 2878; x_wconf 84' lang='lat' dir='ltr'><strong>Externi</strong></span> <span class='ocrx_word' id='word_1_451' title='bbox 2172 2831 2379 2878; x_wconf 81' lang='lat' dir='ltr'><strong>hominis</strong></span> <span class='ocrx_word' id='word_1_452' title='bbox 2402 2867 2410 2881; x_wconf 63' lang='lat'><em>2</em></span> 
     </span>
     <span class='ocr_line' id='line_1_41' title="bbox 401 2893 2373 2961; baseline 0.002 -22"><span class='ocrx_word' id='word_1_453' title='bbox 401 2908 511 2940; x_wconf 89' lang='lat' dir='ltr'><strong>cum</strong></span> <span class='ocrx_word' id='word_1_454' title='bbox 545 2893 771 2951; x_wconf 80' lang='lat' dir='ltr'><strong>Interiori‚</strong></span> <span class='ocrx_word' id='word_1_455' title='bbox 806 2894 882 2942; x_wconf 87' lang='lat' dir='ltr'><strong>seu</strong></span> <span class='ocrx_word' id='word_1_456' title='bbox 907 2894 1141 2942; x_wconf 87' lang='lat' dir='ltr'><strong>Naturalis</strong></span> <span class='ocrx_word' id='word_1_457' title='bbox 1162 2904 1272 2944; x_wconf 86' lang='lat' dir='ltr'><strong>cum</strong></span> <span class='ocrx_word' id='word_1_458' title='bbox 1289 2894 1543 2958; x_wconf 82' lang='lat' dir='ltr'><strong>Spirituali,</strong></span> <span class='ocrx_word' id='word_1_459' title='bbox 1577 2894 1705 2958; x_wconf 87' lang='lat' dir='ltr'><strong>quod</strong></span> <span class='ocrx_word' id='word_1_460' title='bbox 1730 2894 2036 2957; x_wconf 63' lang='lat' dir='ltr'><strong>fignificatum:</strong></span> <span class='ocrx_word' id='word_1_461' title='bbox 2059 2896 2123 2943; x_wconf 91' lang='lat' dir='ltr'><strong>est</strong></span> <span class='ocrx_word' id='word_1_462' title='bbox 2146 2908 2227 2961; x_wconf 74' lang='lat' dir='ltr'><strong>per</strong></span> <span class='ocrx_word' id='word_1_463' title='bbox 2244 2896 2373 2955; x_wconf 90' lang='lat' dir='ltr'><strong>Jose-</strong></span> 
     </span>
     <span class='ocr_line' id='line_1_42' title="bbox 398 2958 2380 3024; baseline 0.002 -20"><span class='ocrx_word' id='word_1_464' title='bbox 398 2958 569 3020; x_wconf 63' lang='lat' dir='ltr'><strong>pilum,</strong></span> <span class='ocrx_word' id='word_1_465' title='bbox 603 2975 725 3013; x_wconf 87' lang='lat' dir='ltr'><strong>nunc</strong></span> <span class='ocrx_word' id='word_1_466' title='bbox 741 2959 1000 3008; x_wconf 63' lang='lat' dir='ltr'><strong>‘secundum</strong></span> <span class='ocrx_word' id='word_1_467' title='bbox 1034 2961 1244 3009; x_wconf 87' lang='lat' dir='ltr'><strong>ordinem</strong></span> <span class='ocrx_word' id='word_1_468' title='bbox 1273 2963 1426 3024; x_wconf 86' lang='lat' dir='ltr'><strong>agitur</strong></span> <span class='ocrx_word' id='word_1_469' title='bbox 1447 2961 1505 3008; x_wconf 91' lang='lat' dir='ltr'><strong>de</strong></span> <span class='ocrx_word' id='word_1_470' title='bbox 1527 2959 1870 3008; x_wconf 80' lang='lat' dir='ltr'><strong>fructificatione</strong></span> <span class='ocrx_word' id='word_1_471' title='bbox 1892 2961 2008 3007; x_wconf 91' lang='lat' dir='ltr'><strong>bona</strong></span> <span class='ocrx_word' id='word_1_472' title='bbox 2030 2963 2081 3008; x_wconf 63' lang='lat' dir='ltr'><strong>&amp;e</strong></span> <span class='ocrx_word' id='word_1_473' title='bbox 2103 2961 2380 3024; x_wconf 83' lang='lat' dir='ltr'><strong>multiplica·</strong></span> 
     </span>
     <span class='ocr_line' id='line_1_43' title="bbox 397 3022 2396 3094; baseline 0.004 -25"><span class='ocrx_word' id='word_1_474' title='bbox 397 3023 524 3070; x_wconf 86' lang='lat' dir='ltr'><strong>tione</strong></span> <span class='ocrx_word' id='word_1_475' title='bbox 555 3023 670 3080; x_wconf 58' lang='lat' dir='ltr'><strong>veri,</strong></span> <span class='ocrx_word' id='word_1_476' title='bbox 706 3025 802 3094; x_wconf 83' lang='lat' dir='ltr'><strong>quo</strong></span> <span class='ocrx_word' id='word_1_477' title='bbox 840 3022 951 3079; x_wconf 70' lang='lat' dir='ltr'><strong>tunc</strong></span> <span class='ocrx_word' id='word_1_478' title='bbox 971 3026 1180 3091; x_wconf 68' lang='lat' dir='ltr'><strong>primum</strong></span> <span class='ocrx_word' id='word_1_479' title='bbox 1215 3026 1383 3085; x_wconf 81' lang='lat' dir='ltr'><strong>existit,</strong></span> <span class='ocrx_word' id='word_1_480' title='bbox 1416 3026 1598 3087; x_wconf 80' lang='lat' dir='ltr'><strong>quando</strong></span> <span class='ocrx_word' id='word_1_481' title='bbox 1625 3025 1885 3086; x_wconf 84' lang='lat' dir='ltr'><strong>conjunctio</strong></span> <span class='ocrx_word' id='word_1_482' title='bbox 1927 3024 2052 3073; x_wconf 87' lang='lat' dir='ltr'><strong>facta·</strong></span> <span class='ocrx_word' id='word_1_483' title='bbox 2079 3027 2162 3082; x_wconf 82' lang='lat' dir='ltr'><strong>est,</strong></span> <span class='ocrx_word' id='word_1_484' title='bbox 2195 3029 2258 3074; x_wconf 65' lang='grc' dir='ltr'><strong>δι’</strong></span> <span class='ocrx_word' id='word_1_485' title='bbox 2277 3039 2396 3077; x_wconf 85' lang='lat' dir='ltr'><strong>tan-.</strong></span> 
     </span>
     <span class='ocr_line' id='line_1_44' title="bbox 396 3088 2380 3204; baseline -0.002 -64"><span class='ocrx_word' id='word_1_486' title='bbox 396 3099 511 3158; x_wconf 73' lang='lat' dir='ltr'><strong>mm</strong></span> <span class='ocrx_word' id='word_1_487' title='bbox 535 3088 702 3148; x_wconf 81' lang='lat' dir='ltr'><strong>existit,</strong></span> <span class='ocrx_word' id='word_1_488' title='bbox 724 3088 973 3154; x_wconf 62' lang='lat' dir='ltr'><strong>‘quantum</strong></span> <span class='ocrx_word' id='word_1_489' title='bbox 1004 3091 1265 3155; x_wconf 74' lang='lat' dir='ltr'><strong>conjunctio</strong></span> <span class='ocrx_word' id='word_1_490' title='bbox 1298 3093 1353 3141; x_wconf 83' lang='lat' dir='ltr'><strong>fit</strong></span> <span class='ocrx_word' id='word_1_491' title='bbox 1370 3091 1524 3204; x_wconf 41' lang='lat' dir='ltr'><strong>31h·ae;c·</strong></span> <span class='ocrx_word' id='word_1_492' title='bbox 1560 3090 1667 3138; x_wconf 79' lang='lat' dir='ltr'><strong>sunt</strong></span> <span class='ocrx_word' id='word_1_493' title='bbox 1695 3105 1807 3154; x_wconf 81' lang='lat' dir='ltr'><strong>quae</strong></span> <span class='ocrx_word' id='word_1_494' title='bbox 1834 3091 2250 3157; x_wconf 57' lang='lat' dir='ltr'><strong>significatum-&gt;per</strong></span> <span class='ocrx_word' id='word_1_495' title='bbox 2269 3106 2380 3153; x_wconf 85' lang='lat' dir='ltr'><strong>gre-</strong></span> 
     </span>
     <span class='ocr_line' id='line_1_45' title="bbox 486 3169 2403 3220; baseline 0.001 -18"><span class='ocrx_word' id='word_1_496' title='bbox 486 3175 489 3177; x_wconf 69' lang='grc'><strong><em>’</em></strong></span> <span class='ocrx_word' id='word_1_497' title='bbox 1446 3171 1459 3203; x_wconf 87' lang='grc' dir='ltr'>ι</span> <span class='ocrx_word' id='word_1_498' title='bbox 1478 3171 1494 3203; x_wconf 88' lang='lat'><em>1</em></span> <span class='ocrx_word' id='word_1_499' title='bbox 1512 3171 1529 3203; x_wconf 72' lang='grc' dir='ltr'><strong><em>ι</em></strong></span> <span class='ocrx_word' id='word_1_500' title='bbox 2259 3169 2403 3220; x_wconf 60' lang='lat' dir='ltr'><strong>gem</strong></span> 
     </span>
    </p>
   </div>
  </div>
 </body>
</html>
