2872 3730
633 245 975 312 CAPUT
1024 244 1590 308 VIGESIMUM
1644 243 2168 314 TERTIUM.
2329 255 2411 338 85

409 385 550 434 finem
571 400 769 440 eorum;
803 380 1003 432 Ecclesia
1042 378 1084 427 se
1119 378 1254 429 habet
1293 380 1405 428 ficut
1442 391 1594 428 aetates
1617 378 1841 437 hominis,
1867 395 2062 443 quarum
2086 384 2233 445 prima
2253 382 2315 430 est
2340 384 2409 431 in-

406 451 562 509 fantia,
596 452 733 500 altera
754 448 820 497 est
841 446 1149 504 adolescentia,
1186 447 1316 494 tertia
1340 447 1404 494 est
1426 447 1580 494 adulta
1601 460 1725 503 aetas,
1759 459 1917 510 quarta
1938 446 2002 494 est
2038 447 2250 505 senectuS,
2286 450 2402 507 haec,

405 534 571 582 nempe
594 517 809 571 seneRUS,
844 514 1011 561 dicitur
1049 514 1288 577 plenitudo
1323 513 1403 562 seu>
1434 513 1571 569 finis;
1607 514 1742 561 etiarn
1772 512 1814 560 se
1836 513 1971 561 habet
1989 513 2103 561 ficut
2125 525 2331 577 tempora
2351 517 2402 562 δε

402 585 540 633 status
564 585 710 647 Anni,
745 595 946 644 quorum
985 581 1161 643 primus
1198 579 1262 627 est
1284 580 1394 637 Ver,
1429 579 1539 628 alter
1569 579 1632 627 est
1646 578 1811 637 AEstas,
1846 580 2005 627 tertius
2027 579 2091 628 est
2114 581 2401 636 Autumnus,

402 653 454 700 &
477 662 662 714 quartus
685 647 750 695 est
773 647 975 710 HyemS,
1010 647 1110 694 haec
1133 646 1196 694 est
1220 647 1322 694 finis
1345 647 1472 695 Anni
1493 669 1509 703 ;
1544 645 1586 694 se
1610 645 1742 694 habet
1778 646 1914 693 etiam
1950 646 2064 693 ficut
2100 658 2307 710 tempora
2338 646 2402 694 est

402 717 540 765 status
576 715 698 772 Diei,
748 715 924 777 primus
962 712 1027 760 est
1049 716 1264 770 Aurorae,
1300 714 1411 761 alter
1447 713 1511 760 est
1547 713 1778 770 Meridiei,
1815 713 1970 761 tertius
2001 711 2066 760 est
2087 712 2315 776 Vesperae,
2350 713 2401 760 &

401 793 588 847 quartus
618 780 682 828 est
704 781 885 837 Noffis,
920 796 1029 827 cum
1064 779 1180 839 haec,
1215 781 1279 827 est
1313 780 1551 844 plenitudo
1590 779 1662 827 seu
1702 779 1834 827 finis:
1873 779 1960 826 illis
1982 779 2033 826 δε
2055 779 2124 826 his
2147 794 2331 842 quoque
2356 779 2404 825 in

402 848 557 897 Verbo
597 847 735 898 status
773 846 989 894 Ecclefiae
1031 858 1366 911 comparantur,
1403 847 1454 894 ὅτ
1478 862 1560 910 per
1590 845 1774 893 eosdem
1813 845 2141 909 fignificantur,
2177 846 2284 908 quia
2321 860 2402 908 per

402 927 609 978 tempora
640 913 952 978 significantur
975 913 1147 970 Status,
1184 930 1245 960 n:
1274 914 1417 976 2625.
1438 916 1582 978 2788.
1604 917 1730 976 2837
1752 930 1763 960 z
1800 912 1986 960 Bonum
2009 911 2058 959 &
2075 912 2254 959 Verum
2277 910 2402 975 apud

401 982 502 1029 illos
538 982 618 1045 qui
658 981 760 1028 sunt
796 979 852 1026 ab
874 979 1089 1035 Ecclesia,
1125 981 1188 1027 ita
1228 978 1338 1026 solet
1371 978 1651 1035 decrescere3
1687 980 1738 1026 &
1759 994 1868 1026 cum
1893 978 2074 1026 nullum
2097 977 2294 1042 amplius
2320 977 2402 1024 bo-

400 1064 516 1097 num
538 1049 587 1096 δε
610 1063 789 1103 verum,
826 1045 917 1103 seu,
953 1059 1005 1092 ut
1036 1044 1218 1103 dicitur,
1255 1046 1379 1094 nulla
1416 1046 1611 1110 amplius
1648 1045 1778 1101 fides,
1814 1044 1902 1093 hoc
1924 1044 2005 1102 est,
2040 1045 2164 1092 nulla
2196 1043 2404 1100 charitas,-

400 1126 511 1162 tunc
535 1113 737 1162 Ecclefia
757 1113 812 1160 ad
837 1112 959 1160 suam
984 1111 1274 1170 senectutem,
1311 1112 1383 1160 seu
1420 1112 1478 1159 ad
1516 1111 1640 1159 suam
1677 1112 1910 1174 hyemem,
1946 1111 2019 1158 seu
2055 1112 2112 1159 ad
2145 1110 2269 1158 suam
2294 1126 2403 1157 noc-

400 1194 512 1238 tem,
548 1182 770 1244 pervenit,
806 1181 856 1227 &
881 1180 1047 1226 dicitur
1085 1177 1180 1241 ejus
1219 1191 1402 1242 tempus
1438 1179 1489 1226 δε
1530 1177 1666 1226 status
1702 1191 1830 1234 tunc,
1864 1178 2062 1234 Decifio,
2099 1176 2403 1226 Consumma-

401 1249 484 1304 tio‚
537 1247 588 1294 &
628 1245 860 1309 Impletio,
897 1245 1102 1291 videatur
1139 1261 1200 1292 n:
1234 1249 1391 1309 1857:
1429 1245 1557 1307 quod
1595 1244 1652 1292 de
1693 1245 1901 1292 Domino
1941 1244 2134 1300 dicatur,
2171 1244 2298 1308 quod
2323 1258 2402 1288 ve-

402 1314 517 1361 nerit
538 1314 584 1360 in
608 1311 839 1359 mundum
862 1312 908 1357 in
932 1310 1215 1374 plenitudine
1239 1323 1522 1374 temporum,
1558 1310 1633 1358 seu
1657 1327 1767 1359 cum
1791 1310 2047 1374 plenitudo,
2083 1311 2206 1358 idem
2230 1308 2402 1372 fignifi-

402 1391 488 1437 cat,
526 1395 629 1427 nam
654 1391 765 1426 tunc
787 1393 879 1424 non
903 1376 1100 1440 amplius
1122 1376 1210 1424 fuit
1227 1377 1420 1441 aliquod
1445 1377 1638 1434 bonum,
1674 1393 1729 1425 ne
1753 1377 1945 1440 quidem
1973 1376 2148 1425 bonum
2184 1375 2399 1432 naturale,

401 1446 508 1493 inde
530 1461 612 1492 nec
635 1444 819 1508 aliquod
837 1459 1027 1491 verum:
1063 1442 1163 1491 haec
1181 1443 1282 1491 sunt
1303 1460 1411 1507 quae
1434 1445 1481 1492 in
1505 1443 1648 1508 specie
1671 1443 1980 1507 significantur
2002 1459 2081 1507 per
2103 1443 2203 1490 haec
2227 1458 2332 1506 quae
2357 1442 2415 1489 itt

402 1511 798 1640 h029x<73e6rfu⁸Anni
835 1574 1034 1620 vitarum
1072 1573 1211 1630 Sarae,
1261 1574 1390 1636 quod
1423 1574 1648 1637 significet
1686 1590 1797 1622 cum
1843 1574 2013 1638 aliquid
2054 1577 2231 1623 Verum
2269 1573 2404 1621 Divi-

400 1650 516 1691 num
555 1640 811 1706 ,supereffess
859 1638 1033 1687 constat
1073 1655 1131 1686 ex
1175 1639 1502 1703 significatione
1525 1641 1674 1698 Anni,
1726 1642 1852 1703 quod
1894 1641 1947 1688 sit
1982 1642 2155 1704 integra
2193 1639 2406 1704 periodus

400 1724 508 1774 quae
545 1707 762 1756 Ecclefiae
806 1722 833 1754 a
877 1706 1104 1771 principio
1149 1706 1207 1754 ad
1253 1706 1425 1763 finem,
1485 1708 1546 1754 ita
1584 1708 1835 1754 Annorum
1880 1708 2007 1770 quod
2063 1708 2149 1755 lint
2195 1705 2367 1770 periodi
2391 1741 2405 1762 ,

401 1777 460 1824 de
499 1773 670 1839 quibus
713 1788 826 1821 mox
872 1773 1003 1836 supra
1035 1790 1094 1822 n:
1122 1789 1286 1838 29053
1337 1774 1387 1820 δε
1423 1789 1449 1820 a
1486 1773 1813 1837 significatione
1851 1775 2049 1821 vitarum
2089 1775 2235 1830 Sarae,
2279 1772 2411 1836 quod.

401 1842 488 1890 smt
534 1841 670 1888 status
715 1839 866 1904 quoad
904 1840 1081 1887 Verum
1122 1841 1382 1897 Divinum,
1435 1839 1492 1887 de
1537 1856 1629 1904 qua
1668 1842 1804 1887 etiam
1843 1856 1954 1888 mox
1991 1840 2122 1904 supra
2161 1858 2221 1887 n:
2249 1858 2409 1902 2904,

401 1910 464 1957 ita
499 1908 574 1955 hic
609 1907 737 1972 quod
785 1907 1004 1954 terminus
1050 1922 1159 1954 curn
1200 1922 1291 1954 non
1334 1922 1409 1954 am
1446 1906 1533 1954 lius
1572 1907 1743 1970 aliquid
1775 1907 1951 1955 Verum
1991 1908 2218 1963 Divinum
2258 1906 2407 1969 super-

404 1975 543 2031 effet3
579 1974 707 2038 quod
747 1974 882 2020 etiam
924 1989 948 2020 a
986 1989 1098 2021 mox
1134 1923 1499 2038 praecedentilgus
1536 1972 1747 2038 sequitur.
1820 1973 1967 2036 Quod
1994 1976 2160 2022 Annus
2190 1973 2413 2036 fignificet

403 2043 640 2104 integrum
679 2052 863 2103 tempus
885 2039 1038 2102 ¹status
1076 2040 1292 2088 Ecclefiae
1327 2056 1352 2100 a
1387 2041 1615 2105 principio
1651 2040 1710 2087 ad
1748 2039 1908 2098 finem,
1959 2040 2033 2089 seu
2078 2040 2206 2104 quod
2252 2039 2373 2086 idem
2400 2073 2416 2094 ,

401 2110 633 2172 integram·
682 2107 925 2171 periodum
945 2142 959 2163 ,
1016 2107 1067 2154 ὅτ
1114 2107 1436 2172 consequenter
1474 2108 1604 2155 Anni
1656 2119 1865 2171 tempora
1913 2106 1984 2154 seu
2035 2107 2247 2171 periodos
2294 2107 2410 2152 intra

402 2184 719 2232 communem,
755 2172 954 2221 constare
991 2173 1138 2238 potest
1174 2174 1231 2222 ab
1265 2174 1332 2221 his
1371 2174 1482 2222 locis
1522 2175 1570 2222 in
1591 2174 1784 2230 Verbo,
1820 2174 1943 2238 apud
1963 2173 2160 2231 Esaiam,
2197 2179 2230 2201 ‘⁶
2255 2174 2408 2220 Unxit

402 2240 611 2301 Jehovah
634 2242 720 2289 Me
756 2241 811 2288 ad
852 2241 1261 2304 evangelizandum
1299 2241 1488 2299 afflictis,
1526 2241 1647 2289 misit
1673 2242 1761 2289 Me
1800 2241 1856 2287 ad
1896 2240 2200 2304 obligandum
2241 2238 2408 2286 fractos

404 2307 557 2361 corde,
590 2308 649 2352 ad
686 2307 1065 2368 proclamandum
1100 2309 1291 2371 captivis
1330 2307 1604 2365 libertatem,
1649 2309 1700 2356 ὅτ
1734 2307 1898 2354 vinctis
1937 2307 2216 2369 apertionem
2255 2308 2407 2352 omni-

404 2371 611 2427 modam,
647 2372 704 2417 acl
728 2371 1104 2433 proclamandum
1122 2375 1292 2419 Annum
1324 2373 1576 2434 beneplaciti
1598 2373 1799 2437 Jehovae,
1833 2373 1884 2419 &
1922 2372 2046 2418 diem
2084 2372 2269 2417 ultionis
2300 2372 2407 2417 Deo

404 2437 606 2494 nostro,”
643 2451 757 2483 LXI:
786 2453 850 2491 23
885 2435 964 2482 ubi
997 2436 1054 2483 de
1078 2437 1301 2483 Adventu
1338 2434 1568 2492 Domini;
1603 2439 1769 2484 Annus
1809 2435 2073 2500 beneplaciti
2097 2435 2290 2497 Jehovae
2319 2452 2408 2500 pro

402 2511 608 2567 tempore
630 2503 788 2549 Novae
810 2501 1056 2549 Ecclefiae:
1093 2502 1215 2565 apud
1238 2502 1475 2559 Eundem,
1513 2507 1549 2530 ‘⁶
1574 2502 1685 2551 Dies
1722 2502 1907 2550 ultionis
1944 2504 1990 2549 in
2030 2503 2166 2551 corde
2198 2518 2319 2558 meo,
2355 2503 2405 2550 &

402 2572 554 2619 Annus
589 2568 864 2616 redemtorum
896 2583 1077 2615 meorum
1116 2569 1292 2625 venit,”
1325 2584 1455 2616 Lxm
1476 2588 1487 2616 :
1511 2586 1579 2630 4³
1615 2569 1818 2616 similiter
1850 2568 1907 2615 de
1931 2568 2154 2616 Adventu
2177 2570 2369 2616 Domini
2388 2591 2406 2624 ς.

403 2639 571 2686 Annus
611 2636 925 2682 redemtorum
964 2650 1050 2697 pro
1089 2646 1295 2698 tempore
1327 2635 1484 2682 Novae
1522 2635 1770 2683 Ecclefiae:
1809 2634 1931 2699 apud
1965 2635 2198 2692 Eundem,
2236 2640 2269 2662 “
2294 2637 2406 2682 Dies

403 2703 587 2751 ultionis
611 2701 820 2764 Jehovae,
856 2702 1006 2749 Annus
1043 2702 1368 2749 retributionum
1406 2713 1591 2766 propter
1630 2702 1755 2749 litem
1782 2702 1988 2759 Zionis,‘’
2031 2717 2220 2749 xxxw:
2252 2706 2313 2757 83
2352 2702 2406 2747 Γι-

404 2771 586 2817 militer.
658 2769 788 2816 Idem
827 2779 1010 2831 tempus
1056 2769 1195 2816 etiam
1235 2780 1426 2816 vocatur
1464 2771 1631 2816 Annus
1669 2768 1950 2825 visitationis,
1994 2769 2115 2832 apud
2139 2769 2404 2829 Jeremiam,

407 2841 442 2864 “
466 2836 717 2884 Adducam
759 2833 932 2881 malum
971 2834 1027 2881 ad
1068 2836 1191 2882 viros
1231 2835 1438 2883 Anatoth
1461 2837 1586 2883 Anno
1621 2836 1880 2895 visitationis
1920 2834 2157 2893 illorum,’'
2193 2851 2276 2882 xx:
2306 2852 2398 2896 23:

405 2903 527 2967 apud
575 2901 810 2957 Eundem,
870 2905 904 2927 “
944 2900 1193 2949 Adducam
1239 2900 1369 2966 super
1406 2901 1637 2950 Moabum
1677 2904 1847 2950 Annum
1890 2902 2146 2959 vg'fitationis
2189 2903 2400 2956 eorum,”

405 2985 571 3016 XLvnI
593 2987 604 3016 :
631 2986 723 3029 44:
761 2964 1038 3015 manifestius
1068 2968 1189 3032 apud
1214 2968 1524 3025 Ezechielem,
1562 2974 1597 2996 ‘⁶
1622 2970 1669 3016 A
1692 2969 1850 3015 diebus
1884 2968 2039 3015 multis
2061 2968 2316 3026 visttaberis,
2356 2970 2407 3013 in⁴

380 3055 384 3058 ·
399 3035 645 3097 posteritate
667 3037 883 3081 Annorum
918 3036 1070 3082 veniet
1108 3033 1239 3098 super
1280 3047 1447 3082 terram
1484 3034 1705 3082 reversam
1748 3051 1773 3081 a
1812 3034 1983 3098 gladio,
2019 3047 2341 3097 congregatam
2376 3050 2401 3078 e

407 3102 590 3164 populis
629 3101 802 3158 multis,
856 3099 986 3164 super
1028 3113 1205 3148 montes
1252 3101 1442 3159 Israelis,
1491 3103 1572 3166 qui
1609 3114 1739 3148 erunt
1784 3102 1840 3147 ad
1887 3101 2138 3147 vastitatem
2177 3099 2400 3162 jugiter,''

409 3178 646 3217 xxxvruz
673 3172 719 3224 8,
769 3166 1000 3233 posteritas
1046 3183 1271 3217 annorum
1318 3184 1403 3234 pro
1448 3168 1614 3218 ultimo
1649 3181 1852 3233 tempore
1876 3167 2110 3224 Ecclefiae,
2145 3182 2251 3229 quae
2292 3177 2400 3276 mlle

2283 3245 2343 3277 ΠΗ
2381 3246 2408 3276 a.
