2872 3730
571 259 919 324 CAPUT
970 254 1534 322 VIGESIMUM
1584 254 2122 345 QU'ARTUM.
2238 285 2389 350 ¹193

467 401 609 461 3180.
645 396 711 444 Et
730 405 952 444 vocarunt
973 391 1249 448 Rebeccam,
1283 392 1334 439 &
1357 392 1570 440 dixerunt
1604 390 1663 439 ad
1684 390 1828 447 illam,
1861 407 1918 438 an
1938 407 2011 440 eas
2034 410 2143 441 cum
2166 395 2266 444 viro
2288 396 2394 454 hoc,

400 465 450 512 &
473 464 607 519 dixit,
643 462 739 519 ibo,
771 460 896 524 quod
918 457 1140 521 fignificet
1162 455 1258 521 ejus
1282 456 1471 521 plenum
1495 456 1777 514 consensum,
1813 456 2013 506 constare
2034 460 2180 522 potest
2202 478 2259 508 ex
2275 462 2396 509 sensu

399 528 636 577 resultante
659 543 715 575 ex
738 528 914 572 interno
935 523 1183 572 verborum
1204 545 1219 580 ;
1255 539 1362 571 nam
1385 539 1495 571 cum
1518 523 1576 570 ad
1597 524 1996 586 interrogationem
2027 525 2274 588 respondit,
2311 529 2395 583 ibo,

400 595 464 643 est
484 594 611 657 quod
633 593 763 655 plene
786 587 1042 638 consentiat.
1113 590 1284 638 Plenus
1307 589 1543 638 consensus
1565 591 1661 636 veri
1682 589 1763 646 est,
1801 606 1910 637 cum
1934 591 2110 638 Verum
2135 593 2327 655 percipit
2351 595 2398 639 in

400 661 443 709 se
461 660 721 722 imaginem*
735 657 859 712 boni,
895 671 947 704 ac
971 657 1018 704 in
1042 655 1166 704 bono
1189 656 1331 720 ipsam
1354 656 1555 719 effigiem
1578 654 1643 703 sui
1666 672 1723 703 ex
1748 673 1851 720 qua.

470 729 613 789 3181.
649 722 772 770 vers
779 740 791 770 :
819 738 898 785 59.
917 723 994 772 60.
1015 723 1091 771 61.
1145 725 1208 771 Et
1243 724 1443 786 miserunt
1466 723 1695 770 Rebeccam
1724 724 1911 786 sororem
1940 722 2083 786 fitam,
2119 723 2175 772 δέ
2198 726 2400 772 nutricem

400 793 506 857 gius,
537 789 594 838 &
611 789 789 852 servum
806 790 1065 845 Abrahami,
1116 791 1171 839 {9²
1211 792 1331 836 viros
1366 791 1469 852 q'us.
1541 791 1605 837 Et
1641 789 1936 837 benedixerunt
1959 791 2172 846 Rebeccae,
2207 791 2262 839 {9⁹
2286 790 2401 837 dixe-

401 866 505 906 runt
526 855 614 917 illi,
635 856 761 918 soror
783 854 921 915 nostra
945 865 995 903 tu
1005 856 1072 915 fis
1101 858 1146 902 in
1178 856 1312 902 millia
1344 855 1561 914 myriadis,
1597 855 1653 902 δέ
1676 855 1895 902 haereditet
1917 856 2056 918 semen
2092 866 2211 903 tuum
2227 867 2402 918 portam
2470 900 2472 902 .

400 925 560 988 osorum
599 931 782 969 tuorum.
852 923 919 970 Et
944 917 1134 988 sur'rexit
1154 922 1361 978 Rebecca,
1397 921 1452 969 ἐξ
1482 921 1631 982 puellae
1662 923 1766 985 ejus,
1802 923 1858 970 ἐρ’
1895 923 2142 985 equitabant
2162 924 2295 985 super
2331 940 2401 970 ca·

400 990 534 1045 melis,
584 987 641 1037 &³
675 987 800 1035 ibant
823 987 918 1050 pell
953 991 1133 1043 virum;
1184 988 1240 1037 δέ’
1271 989 1433 1048 accepit
1457 988 1615 1050 servus
1647 988 1893 1043 Rebeccam,
1929 989 1984 1036 ξεῖ
2006 990 2107 1035 ivit.
2180 988 2404 1036 Miserunt

400 1055 660 1104 Rebeccam
689 1053 887 1101 sororem
921 1054 1064 1110 suam,
1099 1053 1324 1117 fignificat
1362 1052 1683 1116 separationem
1724 1053 1781 1101 ab
1819 1054 2053 1101 affectione
2079 1055 2186 1102 Veri
2207 1055 2399 1102 Divini:

400 1123 453 1171 ὅτ
476 1122 701 1168 nutricem
724 1117 836 1184 ejus,
872 1120 1095 1184 fignificat
1129 1121 1186 1168 ab
1220 1121 1476 1168 innocentia
1507 1135 1615 1182 quae
1647 1119 1739 1167 illi:
1778 1121 1825 1167 &
1860 1121 2039 1167 servum
2064 1120 2315 1168 Abrahami
2352 1123 2403 1169 δε

403 1189 527 1235 viros
548 1185 661 1250 ejus,
694 1186 916 1250 fignificat
938 1203 964 1234 a
989 1187 1170 1234 Divinis
1192 1188 1240 1234 in
1263 1186 1453 1233 naturali
1485 1184 1702 1252 homineg
1739 1187 1790 1232 δε
1814 1186 2141 1234 benedixerunt
2160 1186 2403 1244 Rebeccae,

401 1255 455 1304 &
478 1254 691 1300 dixerunt
713 1252 796 1309 illi,
831 1252 1054 1315 fignificat
1074 1253 1234 1300 votiva
1265 1268 1322 1300 ex
1344 1250 1636 1299 illustratione
1654 1251 1856 1301 Divina:
1894 1251 2017 1300 soror
2036 1253 2184 1301 nostra
2206 1265 2258 1300 tu
2278 1253 2334 1300 fis
2358 1256 2406 1301 in

404 1319 548 1368 millia
577 1318 809 1381 myriadis,
845 1318 1070 1381 fignificat
1107 1318 1365 1367 affectiones
1402 1318 1500 1365 veri
1530 1316 1927 1366 fructificationem
1969 1321 2017 1367 in
2053 1319 2318 1367 infinitum:
2354 1320 2405 1367 δε

311 1396 318 1406 “
402 1385 639 1435 haereditet
673 1382 823 1432 semen
861 1396 993 1432 tuam
1023 1396 1205 1448 portam
1237 1383 1420 1433 osorum
1443 1396 1649 1441 tuorum,
1685 1385 1907 1448 fignificat
1930 1386 2151 1449 Regnum
2175 1385 2404 1448 spirituale

405 1451 603 1501 Domini
624 1465 683 1498 ex
704 1449 921 1514 conjugio
941 1450 1049 1499 boni
1072 1453 1122 1499 &
1143 1451 1241 1499 veri
1273 1452 1320 1498 in
1343 1451 1519 1499 Divino
1540 1452 1786 1508 Humano,
1821 1452 1897 1502 cui
1929 1452 2099 1515 Regno
2128 1451 2317 1500 charitas
2355 1453 2407 1499 &

404 1519 537 1575 fides,
571 1516 652 1564 ubi
672 1517 817 1581 ·prius
853 1516 1028 1564 malum
1050 1517 1103 1565 ὅτ
1125 1516 1286 1565 falsum
1306 1535 1321 1567 ι
1352 1517 1420 1564 Et
1442 1516 1630 1564 surrexit
1651 1517 1875 1574 Rebecca,
1909 1517 2133 1581 fignificat
2155 1518 2406 1566 affectionis

403 1585 503 1631 veri
525 1582 822 1630 elevationem
842 1582 894 1629 δι’.
912 1580 1239 1644 separationem
1269 1582 1405 1630 inde:
1452 1582 1505 1628 δι’.
1543 1582 1710 1645 puellae
1748 1581 1861 1646 ejus,
1894 1583 2117 1646 fignificat
2152 1584 2409 1632 affectiones

405 1648 723 1698 inservientes:
770 1648 823 1695 ὅτ
858 1647 1118 1710 equitabant
1162 1646 1295 1710 super
1331 1647 1534 1704 camelis,
1585 1647 1809 1711 fignificat
1843 1649 2140 1697 intellefiuale
2178 1650 2410 1704 elevatum

403 1714 539 1779 super
557 1711 801 1761 scientifica
830 1712 1071 1762 naturalia:
1109 1713 1307 1763 &ibant
1339 1713 1442 1777 post
1462 1714 1634 1771 virum,
1668 1713 1893 1777 fignificat
1929 1731 1986 1762 ex
2024 1715 2224 1779 auspicio
2250 1717 2411 1764 Divini

403 1783 502 1830 veri
525 1779 762 1829 naturalis:
798 1779 848 1828 &
884 1782 1059 1844 accepit
1096 1779 1250 1830 servus
1271 1780 1529 1829 Rebeccam
1552 1780 1603 1829 &
1628 1781 1730 1838 ivit,
1766 1780 1991 1845 fignificat
2025 1782 2154 1848 quod
2177 1783 2409 1831 Divinum

407 1847 584 1897 bonum
608 1845 808 1894 naturale
830 1846 1040 1894 initiaret.

477 1917 620 1978 3182.
657 1910 884 1960 Miserunt
907 1912 1165 1961 Rebeccam
1197 1912 1396 1964 sororem
1419 1911 1564 1972 suam,
1598 1914 1727 1979 quod
1755 1913 1980 1979 fignificet
2007 1911 2330 1979 separationem
2354 1915 2413 1963 ab

405 1979 644 2030 affeffione
665 1977 778 2025 Veri
796 1979 976 2036 Divini,
1009 1979 1184 2028 constat
1220 1997 1248 2029 a
1277 1980 1603 2044 significatione
1634 1982 1830 2039 mittere,
1864 1981 1992 2045 quod
2018 1981 2074 2029 fit
2105 1981 2325 2047 separari;
2361 1982 2413 2031 ὅτ

355 2057 362 2059 *
406 2063 434 2095 a
456 2043 846 2111 repraesentatione
867 2044 1093 2109 Rebeccae
1117 2046 1295 2104 sororis,
1328 2047 1457 2111 quod
1477 2047 1535 2096 fit
1554 2047 1734 2097 affectio
1750 2048 1859 2096 Veri
1880 2048 2060 2106 Divini,
2094 2048 2153 2096 de
2171 2064 2263 2112 qua
2285 2047 2416 2112 supra

408 2130 467 2163 n:
497 2127 642 2178 3077.
671 2126 835 2176 3179;
868 2111 998 2175 quod
1018 2111 1142 2161 soror
1163 2113 1218 2161 fit
1234 2129 1415 2171 verum,
1450 2113 1658 2164 videatur
1679 2132 1734 2163 n:
1765 2133 1824 2176 14
1862 2131 1907 2178 5.
1932 2119 2077 2178 2508.
2099 2131 2244 2178 2524.
2267 2115 2413 2178 2556.

410 2180 555 2246 3160.
626 2176 887 2240 Qomodo
922 2176 964 2225 se
996 2194 1064 2226 res
1094 2179 1244 2237 habet,
1279 2179 1479 2229 constare
1516 2180 1666 2245 potest
1702 2180 1761 2228 ab
1795 2182 1828 2229 il
1847 2185 1900 2238 is,
1935 2196 2043 2245 quae
2082 2181 2214 2246 supra
2246 2186 2292 2230 in
2326 2181 2415 2230 hoc

410 2246 574 2309 Capite
606 2244 726 2292 dicta
748 2244 799 2291 &
821 2242 993 2292 ostensa
1015 2244 1149 2303 sunt;
1184 2259 1238 2295 ut
1269 2259 1425 2295 autem
1465 2247 1629 2295 melius
1667 2259 1865 2311 pateant,
1898 2246 2049 2295 adhuc
2079 2250 2235 2311 paucis
2256 2248 2415 2295 dicen-

409 2311 564 2365 d'um3
600 2325 710 2358 curn
732 2310 928 2367 Verum,
975 2312 1104 2374 quod
1141 2313 1416 2361 initiandum
1457 2313 1507 2362 &
1546 2311 1925 2377 conjungendum
1964 2313 2107 2370 bono,
2157 2314 2357 2361 elevatur
2388 2328 2416 2359 e

411 2375 620 2432 naturali,
654 2387 766 2422 tunc
803 2373 1028 2439 separatur
1064 2377 1121 2425 ab
1155 2378 1244 2425 illis
1277 2394 1384 2442 quae
1415 2378 1479 2426 ibi
1508 2377 1647 2434 sunt3
1682 2377 1899 2442 separatio
1921 2377 1999 2426 illa
2019 2379 2101 2436 est,
2135 2394 2243 2442 quae
2276 2379 2414 2441 figni-

411 2444 574 2492 ficatur
607 2457 690 2505 per
721 2440 849 2504 quod
889 2440 1107 2491 miserunt
1142 2443 1399 2492 Rebeccam
1438 2443 1638 2492 sororem
1675 2442 1834 2500 suam,
1877 2442 2102 2508 separatur
2137 2456 2266 2501 tunc,
2302 2459 2414 2491 cum

410 2510 556 2559 homo
590 2522 682 2556 non
716 2506 914 2570 amplius
953 2524 1011 2556 ex
1042 2524 1155 2558 vero
1189 2508 1357 2574 spefitat
1392 2510 1588 2567 bonum,
1620 2506 1700 2558 sed
1734 2524 1793 2558 ex
1831 2509 1955 2559 bono
1974 2525 2156 2567 verum,
2191 2509 2265 2558 seu
2285 2510 2416 2578 quod

410 2577 554 2631 idem,
588 2588 700 2621 cum
734 2588 830 2620 non
864 2574 1061 2638 amplius
1093 2591 1154 2623 ex
1186 2575 1406 2624 doch-ina.
1425 2577 1588 2633 vitam,
1623 2574 1697 2623 sed
1732 2591 1791 2623 ex
1811 2577 1905 2624 vita
1933 2576 2220 2632 doctrinam3
2257 2588 2309 2624 ut
2329 2591 2417 2639 pro

409 2639 642 2705 exemplo,
677 2637 883 2687 doctrina
902 2639 1038 2689 docet
1059 2640 1147 2690 hoc
1168 2657 1350 2701 verum,
1383 2642 1514 2706 quod
1547 2657 1642 2690 non
1676 2639 1839 2705 aliquis
1874 2642 1984 2691 odio
2019 2641 2271 2699 habendus,
2306 2657 2416 2689 nam

411 2709 495 2775 qui
532 2707 731 2770 aliquem
768 2706 880 2755 odio
906 2705 1060 2766 habet,
1093 2707 1226 2757 illum
1261 2710 1428 2773 quovis
1461 2719 1700 2757 momento
1738 2709 1944 2764 occidit;
1979 2707 2123 2757 homo
2158 2710 2308 2773 prima
2339 2707 2416 2755 sua

413 2786 546 2825 aemte
567 2774 648 2821 vix
669 2772 1016 2830 h0c2admittit3
1051 2774 1372 2839 progrediente
1393 2787 1564 2833 autem,
1598 2789 1706 2823 cum
1732 2773 2019 2832 reformatur,
2054 2776 2171 2823 inter
2189 2774 2414 2823 doctrina-

414 2843 492 2899 lia,
528 2839 778 2888 secundum
816 2855 924 2903 quae
959 2841 1232 2899 vivendum,
1266 2841 1440 2899 refert;
1472 2842 1661 2890 tandem
1691 2842 1810 2888 vivit
1837 2840 2086 2890 secundum
2119 2841 2267 2897 illud,
2304 2852 2415 2889 tunc

416 2924 510 2957 non
542 2905 738 2969 a‘mplius
775 2921 834 2953 ex
864 2905 1102 2955 doctrinali
1140 2910 1329 2972 cogitat,
1366 2909 1443 2957 sed
1465 2925 1522 2957 ex
1545 2910 1642 2957 vita
1673 2909 1803 2971 agit;
1839 2907 1927 2956 hoc
1951 2924 2064 2956 cum
2084 2907 2156 2965 fit,
2192 2907 2414 2955 doetrinae

417 2974 506 3023 hoc
541 2987 704 3020 verum
736 2971 961 3021 elevatum
994 2972 1061 3022 est
1091 2990 1118 3023 e
1150 2976 1360 3034 naturali,
1395 2977 1493 3024 imo
1515 2975 1768 3040 separatum
1801 2990 1828 3022 a
1859 2974 2066 3032 naturali,
2100 2990 2152 3022 ac
2175 2973 2417 3037 implanta-

418 3051 521 3088 tum
550 3037 675 3086 bono
704 3040 753 3086 in
783 3039 1020 3096 rationali3
1054 3056 1153 3104 quo
1182 3039 1320 3100 faeto,
1356 3059 1450 3091 non
1485 3043 1680 3107 amplius
1718 3042 1903 3104 patitur,
1940 3052 1992 3088 ut
2025 3040 2235 3088 naturalis
2272 3039 2416 3087 homo

399 3103 709 3218 ‘ffirdaliquod
728 3104 851 3168 apud
873 3105 916 3155 le
937 3105 1248 3172 sophisticum,
1281 3109 1394 3158 idxin
1410 3108 1608 3158 dubium
1631 3119 1782 3166 vocet,
1818 3109 1915 3158 imo
1935 3123 2018 3157 nec
2040 3106 2158 3163 finit,
2183 3117 2236 3154 ut
2257 3116 2416 3154 contra

474 3184 503 3219 u
560 3180 859 3221 ratiocinetur.

1480 3242 1524 3299 Β
1560 3239 1591 3289 b
2270 3238 2419 3300 3183.
