2904 3750
610 245 958 309 CAPUT
1011 242 1567 306 VIGESIMUM
1618 196 2068 311 SEXTUM.-
2242 251 2386 332 289*

376 382 569 439 Divino,
603 380 767 446 absque
802 382 890 430 illis
928 396 1020 428 non
1057 378 1122 427 est
1153 379 1420 435 Rationale;
1457 382 1518 429 ita
1541 376 1795 426 Rationalia
1828 377 1929 424 sunt
1953 377 2057 425 illae.
2129 377 2274 444 Qod
2298 377 2372 424 hic

378 450 573 505 dicatur,
608 448 735 512 quod
760 449 817 495 ad
834 448 1098 509 AEgyptum
1133 461 1226 492 non
1259 445 1556 500 descenderet,
1592 447 1678 491 hoc
1701 444 1780 500 est,
1815 444 1942 506 quod
1979 461 2072 490 non
2109 446 2163 490 ad
2204 445 2378 491 scienti·

380 515 485 571 fica,
518 514 739 577 est„quia
761 513 820 560 de
841 511 1090 567 scientifissis
1123 512 1248 573 prius
1282 511 1434 557 aetum
1468 509 1550 566 est,
1585 511 1887 573 peregrinatio
1908 510 2031 556 enim
2058 510 2307 569 Abrahami
2331 511 2379 556 in

383 582 614 644 AEgypto‚
666 575 1002 641 repraesentabat
1045 576 1385 624 instrufflonem
1432 577 1623 627 Domini
1646 634 1649 637 Ι
1670 577 1716 622 in
1761 575 2030 631 scientificis,
2084 576 2130 622 in
2175 577 2379 638 pueritia,

385 647 591 697 videatur
615 660 673 691 n:
705 659 860 705 1502:
907 658 1018 690 cum
1056 658 1235 699 arcano,
1285 642 1413 706 quod
1452 658 1544 690 non
1585 641 1872 690 descenderet
1907 643 1952 689 in
1971 642 2262 704 AEgyptum,
2306 641 2382 688 sed

384 711 741 776 peregrinaretur
763 710 808 756 in
832 721 945 756 terra
966 709 1164 765 GerariS,
1199 709 1286 757 hoc
1309 708 1388 766 est,
1424 709 1551 772 quod
1574 725 1667 756 non
1689 708 1903 772 speEtaret
1938 708 1995 755 ad
2031 707 2270 755 scientifica
2308 707 2382 754 sed

386 778 444 829 ad
467 775 708 831 rationalia,
745 775 805 821 ita
827 773 869 821 se
893 774 1058 830 habet3
1094 791 1254 822 omnes
1289 777 1707 839 apparentiae·veri,
1743 777 1788 821 in
1813 775 1979 838 quibus
2005 775 2249 830 Divinum,
2285 772 2385 820 sunt

386 842 654 896 Rationalis,
689 839 828 903 usque
852 841 965 888 adeo
987 854 1040 888 ut
1061 857 1164 890 vera
1186 843 1412 892 rationalia
1431 843 1481 890 &
1503 843 1777 905 apparentiae
1800 843 1895 888 veri
1921 841 2006 887 lint
2034 840 2175 896 idem,
2211 838 2385 887 scienti-

386 909 476 957 fica
512 919 663 955 autem
698 906 801 954 sunt
821 907 1068 965 Naturalis,
1115 907 1256 971 usque
1294 908 1407 956 adeo
1445 920 1498 955 ut
1542 908 1758 955 naturalia
1793 909 1841 955 ὅτ.
1879 923 1984 954 vera
2028 906 2267 954 scientifica
2304 906 2389 953 sint

386 974 545 1030 idem-3
580 989 688 1020 vera
715 973 963 1031 rationalia,
998 973 1072 1021 seu
1104 975 1378 1038 apparentiae
1400 975 1514 1031 veri,
1549 973 1768 1038 nusquam
1804 974 1986 1038 possunt
2007 973 2091 1020 effe
2115 974 2163 1020 &
2188 971 2387 1029 existere,

388 1040 470 1088 nifi
490 1056 548 1087 ex
570 1040 744 1087 influxu
768 1040 929 1087 Divini
960 1041 1006 1087 in
1029 1040 1283 1098 Rationale,
1318 1041 1473 1105 &per
1505 1041 1729 1088 rationalia
1763 1041 1808 1088 in
1841 1039 2082 1088 scientifica
2118 1055 2225 1103 quae
2260 1052 2389 1086 natu-

387 1107 491 1154 ralis
524 1106 624 1155 sunt
642 1127 659 1162 3
693 1122 800 1170 quae
821 1118 932 1154 tunc
965 1107 1083 1154 fiunt
1104 1105 1151 1154 in
1175 1107 1404 1155 Rationali
1433 1120 1648 1171 apparent
1677 1109 1724 1154 in
1757 1107 1962 1163 naturali,
1998 1106 2111 1154 ficut
2135 1107 2391 1154 multorum

390 1175 547 1236 imago
566 1172 703 1225 simul
721 1174 768 1219 in
787 1171 970 1235 speculo
988 1195 1004 1230 3
1039 1189 1090 1220 ac
1114 1174 1178 1220 ita
1197 1173 1410 1231 sistuntur
1431 1190 1584 1221 coram
1610 1173 1813 1231 homine,
1846 1175 1982 1221 etiam
2003 1189 2155 1220 coram
2174 1172 2390 1236 Angelo·,

391 1238 467 1286 sed
490 1254 643 1286 coram
668 1238 855 1301 Angelo
879 1255 970 1286 non
994 1240 1057 1286 ita
1080 1240 1311 1287 evidenter
1332 1241 1379 1287 in
1404 1240 1610 1296 naturali,
1646 1233 1719 1287 sed
1742 1240 1866 1304 apud
1890 1240 2007 1296 illos,
2042 1240 2122 1303 qui
2146 1241 2191 1286 in
2215 1238 2393 1286 mundo

393 1304 653 1368 spirituum,
686 1304 736 1351 &
768 1306 814 1352 in
851 1304 1064 1368 spirituali
1105 1306 1292 1354 naturali
1329 1304 1447 1363 sunt,
1483 1307 1588 1354 inde
1626 1307 1694 1354 his
1721 1306 2084 1370 repraesentativa
2104 1307 2235 1361 veri·‚
2270 1305 2393 1352 simi-

392 1371 496 1420 liter
527 1369 569 1419 se
602 1369 736 1417 habet
765 1371 890 1434 apud
922 1374 1280 1435 unumquemvis
1317 1372 1571 1430 hominem,
1608 1389 1732 1429 nam,
1769 1386 1821 1420 ut
1850 1374 1976 1436 prius
2008 1373 2203 1429 dictum,
2239 1373 2319 1435 qui
2347 1373 2393 1419 in

395 1437 520 1487 bono
545 1435 625 1493 est,
661 1438 880 1499 exiguum
913 1438 1089 1485 coelum
1118 1438 1198 1495 est,
1234 1437 1307 1486 seu
1330 1439 1458 1502 quod
1483 1439 1625 1496 idern,
1661 1441 1818 1502 imago
1841 1439 1949 1487 coeli
1974 1439 2178 1494 maximi,
2214 1439 2263 1486 &
2288 1440 2395 1502 quia

392 1505 623 1551 Divinum
640 1503 815 1550 Verum
837 1519 932 1550 non
954 1504 1215 1552 immediate
1236 1506 1421 1552 influere
1453 1505 1600 1569 potest
1633 1507 1679 1552 in
1712 1505 1966 1562 scientifica,
2001 1522 2107 1569 quae
2141 1505 2242 1551 sunt
2266 1517 2395 1551 natu-

388 1570 496 1620 ralis
519 1567 615 1633 ejus
636 1568 852 1634 hominis,
887 1569 962 1621 sed
999 1586 1080 1633 per
1110 1571 1352 1627 rationalia,
1387 1583 1440 1626 ut
1464 1572 1657 1627 dietum,
1695 1572 1798 1619 ideo
1827 1572 1901 1618 hic
1934 1573 2118 1628 dicitur,
2153 1571 2278 1634 quod
2303 1587 2397 1622 non

394 1634 682 1690 descenderet
704 1635 989 1697 AEgyptum‚
1026 1635 1120 1683 -sed'
1155 1636 1360 1683 resideret
1399 1638 1447 1684 in
1485 1649 1599 1684 terra
1622 1638 1829 1686 Geraris:
1864 1637 1939 1684 sed
1962 1638 2019 1684 de
2043 1638 2110 1684 his
2133 1653 2226 1684 non
2250 1636 2399 1701 potest

395 1701 511 1749 clara
531 1701 630 1748 idea
646 1698 814 1755 haberi,
849 1700 928 1747 nifi
951 1700 1113 1748 sciatur
1129 1697 1273 1764 qualia
1298 1702 1495 1749 influxus
1512 1702 1591 1759 est,
1628 1715 1680 1749 ut
1704 1704 1753 1750 δε
1777 1703 1930 1766 quales
1954 1703 2084 1760 ideae,
2121 1715 2398 1767 quapropter
2441 1697 2445 1701 ’

393 1767 452 1815 de
474 1766 577 1823 illis,
611 1780 668 1814 ex
691 1766 862 1818 Divina
882 1764 1078 1814 Domini
1101 1767 1434 1826 Misericordia,
1468 1767 1525 1817 ad
1549 1769 1692 1817 finem
1717 1770 1953 1834 Capitum,
1988 1769 2067 1817 ubi
2092 1771 2398 1833 experientiae,

392 1833 673 1898 agendum-¹.
831 1868 834 1871 ,
884 1881 889 1886 ,
971 1838 979 1845 ’
1871 1851 1874 1855 ’

395 1940 401 1943 ,γ
467 1901 610 1963 3369.
645 1898 932 1961 Peregrinare
968 1901 1014 1951 in
1053 1911 1166 1948 terra
1198 1901 1296 1959 hac,
1331 1902 1460 1966 quod
1497 1902 1717 1966 significet
1749 1902 2111 1960 instruffionem,
2146 1900 2321 1950 constat
2343 1918 2400 1949 ex

399 1964 723 2027 significatione
752 1967 1041 2028 peregrinari,
1076 1969 1203 2030 quod
1236 1969 1291 2016 fit
1325 1969 1558 2027 instruere,
1593 1970 1654 2018 de
1689 1987 1778 2034 qua
1810 1987 1871 2018 n:
1905 1975 2042 2033 1463.
2070 1987 2233 2032 20253
2268 1970 2320 2016 &
2343 1985 2400 2017 CX

396 2030 722 2094 significatione
744 2044 875 2077 terrae
898 2032 986 2087 hic,
1006 2033 1148 2094 quod
1186 2034 1271 2081 fint
1299 2036 1540 2089 ⁴rationalia
1576 2053 1683 2100 quae
1717 2051 1743 2084 a
1766 2038 1940 2094 Divino
1963 2036 2181 2085 illustrata·
2197 2035 2299 2083 sunt
2320 2051 2400 2099 ap-

401 2098 616 2161 parentiae
641 2098 752 2153 veri,
789 2097 847 2144 de
870 2113 962 2161 qua
986 2113 1097 2144 mox
1119 2097 1250 2162 supra
1271 2116 1333 2148 n:
1361 2118 1386 2164 3
1395 2103 1521 2165 3675
1557 2104 1618 2151 ita
1639 2105 1922 2168 peregrinare
1954 2104 2000 2152 in
2040 2116 2154 2152 terra
2174 2102 2275 2160 hac,
2310 2102 2399 2166 fig·

397 2163 552 2211 nificat
572 2162 910 2210 instrufflonem
934 2164 980 2210 in
1005 2163 1106 2211 illis.

397 2268 399 2272 ,
470 2246 613 2294 3370.
661 2229 726 2276 Et
764 2246 842 2277 ero
880 2226 1089 2295 cum-'te‚
1125 2232 1252 2295 quod
1292 2232 1512 2296 significet
1535 2233 1782 2291 Divinum,
1815 2234 2016 2283 ccmstare
2047 2235 2197 2299 potest
2233 2252 2290 2282 ex
2325 2251 2395 2292 e0,

398 2297 528 2359 quod
551 2295 759 2356 Jehovah
790 2295 844 2343 sit
881 2298 960 2359 qui
996 2296 1217 2360 loquitur,
1254 2299 1315 2346 ita
1338 2299 1762 2363 ipsum³Divinum‚
1814 2317 1871 2348 ex
1911 2302 2026 2371 Qo
2063 2318 2171 2357 cun]
2213 2302 2396 2356 dicitur,

399 2377 480 2409 ero
503 2377 612 2412 cum
635 2374 702 2418 te,
730 2361 952 2424 fignificat
975 2363 1022 2409 in
1046 2363 1166 2419 serie,
1201 2365 1330 2428 quod
1353 2368 1413 2413 ita
1433 2367 1659 2414 Divinum
1694 2369 1739 2413 in
1765 2367 1863 2414 illis.
2020 2422 2025 2425 ,
2351 2422 2354 2424 ,

471 2444 614 2492 3371.
655 2427 720 2476 Et
742 2427 1004 2485 benedicam
1027 2429 1126 2487 tibi,
1159 2431 1289 2494 quod
1321 2431 1542 2495 significet
1580 2433 1639 2479 fic
1680 2433 2029 2488 incrementum,
2066 2433 2236 2489 constat
2260 2451 2284 2481 a
2308 2434 2395 2496 sig-

401 2494 657 2541 nificatione
678 2493 954 2551 benedicere,
990 2496 1116 2559 quod
1140 2496 1192 2544 fit
1225 2496 1492 2545 fructificare
1531 2502 1575 2546 in
1610 2499 1755 2555 bonis,
1793 2500 1842 2546 ὅτ
1867 2498 2167 2562 multiplicare
2191 2501 2236 2547 in
2261 2503 2394 2557 veris,

402 2559 460 2607 de
483 2575 573 2623 qua
595 2576 655 2607 n:
686 2575 792 2623 731.
815 2565 924 2625 981.
949 2577 1248 2622 1420.·1422.
1268 2565 1408 2624 2846.
1433 2582 1592 2627 3140;
1628 2566 1689 2612 ita
1707 2567 2052 2613 incrementum.
2387 2558 2391 2563 ”

394 2668 399 2670 ,
472 2642 612 2689 3372.
651 2627 777 2689 Qia
800 2627 900 2682 tibi,
936 2629 1061 2690 quod
1100 2628 1325 2691 significet
1361 2630 1551 2688 bonurn,
1587 2630 1784 2678 constare
1804 2631 1951 2694 potest
1975 2647 2030 2678 ex
2054 2649 2125 2689 eo,
2161 2632 2287 2695 quod
2311 2632 2394 2686 tibi

394 2691 456 2747 ,fit
478 2691 709 2752 Jischako,
746 2708 825 2754 per
846 2708 985 2756 quem
1006 2695 1237 2742 Dominus
1269 2697 1419 2759 quoad
1444 2694 1670 2744 Divinum
1699 2697 1932 2744 Rationale
1956 2698 2305 2760 repraesentatur,
2347 2712 2397 2746 ut

383 2757 563 2822 >saepius
586 2757 811 2814 ostensum
834 2780 848 2814 3
882 2760 932 2806 δε
955 2761 1184 2818 Divinum
1210 2763 1442 2810 Rationale
1465 2765 1658 2811 Domini
1692 2780 1783 2811 non
1821 2764 1884 2811 est
1917 2763 1997 2811 nifi
2021 2766 2222 2823 Bonum,
2259 2767 2395 2813 etiam

396 2822 577 2880 *Verum
603 2824 664 2872 ibi
689 2824 752 2871 est
778 2826 976 2882 Bonum,
1011 2828 1118 2889 quia
1141 2828 1382 2875 Divinum.
1536 2830 1541 2834 '
1795 2864 1799 2867 ψ
2088 2887 2093 2891 ,
2446 2885 2449 2887 ,

398 2943 401 2945 ,
475 2907 616 2955 3373.
652 2891 716 2938 Et
741 2891 896 2939 semini
921 2906 1018 2949 tuo,
1054 2895 1180 2956 quod
1206 2895 1425 2958 significet
1449 2912 1628 2954 verum,
1664 2895 1838 2945 constat
1875 2914 1934 2945 ex
1972 2897 2297 2961 significatione
2335 2898 2399 2946 se·
2439 2945 2445 2953 ..

405 2957 559 3014 minis,
594 2957 718 3020 quod
759 2957 811 3005 sit
845 2973 1024 3014 verum,
1060 2961 1119 3006 de
1155 2977 1245 3023 qua
1269 2978 1328 3010 n:
1359 2980 1435 3028 29.
1464 2979 1574 3026 ²55·
1598 2981 1735 3026 1025.
1764 2980 1902 3029 1447.
1929 2964 2066 3014 1610.
2092 2982 2233 3030 1949.
2255 2969 2398 3024 2848.

407 3039 573 3132 ἦμος
615 3024 676 3070 ita
697 3022 876 3070 Verum
911 3025 1040 3087 quod
1079 3042 1105 3074 a
1135 3027 1311 3074 Divino
1349 3029 1560 3104 Domini,
1598 3030 1735 3106 ‘quod
1777 3030 1840 3078 est
1877 3031 2041 3107 Semen
2079 3043 2255 3107 tuum.¹
2301 3031 2402 3090 Qui

403 3134 409 3141 ,
453 3087 615 3142 erbum
652 3088 795 3136 modo
834 3088 1083 3140 secundum
1125 3091 1298 3150 sensum
1339 3094 1480 3142 literae
1513 3109 1713 3159 capiunt,
1764 3113 1855 3145 non
1892 3097 2021 3144 ahter
2060 3095 2167 3144 scire
2202 3097 2402 3161 poffunt,

405 3168 547 3216 quam
585 3153 710 3216 quod
750 3152 898 3203 semen
931 3156 985 3204 sit
1020 3157 1268 3220 posteritaS‚
1304 3161 1494 3223 proinde
1524 3162 1598 3209 hic
1631 3161 1860 3225 posteritas
1883 3163 2081 3223 Jischaki
2104 3179 2160 3210 ex
2184 3163 2331 3209 Esavo
2353 3162 2403 3210 δε

408 3218 602 3283 Jacobo,
635 3220 940 3284 principaliter
972 3238 1029 3271 ex
1052 3224 1244 3286 Jacob0,
1280 3228 1386 3290 quia
1418 3229 1463 3275 in
1498 3228 1575 3275 illa
1605 3241 1739 3292 gente
1763 3229 1851 3277 fuit
1868 3229 2094 3287 Verbum,
2130 3231 2178 3278 δι
2200 3227 2407 3276 historica

1477 3294 1589 3343 Oo
2350 3291 2492 3349 de*
