2904 3750
2030 0 2904 35 5.—

619 207 956 279 cAPUT
1002 199 1567 289 VIGE'SIMUM
1613 206 2134 272 ocTAvUM.
2234 228 2377 292 453

378 349 487 411 cipio
508 347 624 411 apud
639 348 797 404 Deum,
833 348 990 396 omnia
1027 362 1108 410 per
1148 346 1302 410 Ipsum
1340 343 1459 392 facta
1497 343 1615 400 sunt,
1652 342 1702 390 ὅτ
1722 340 1813 388 fine
1834 340 1937 404 Ipso
1974 339 2143 390 factum
2176 341 2240 390 est
2263 341 2376 390 nihil

375 414 504 479 quod
545 413 715 462 fastum
752 414 850 471 est,
886 416 933 461 in
956 414 1060 476 Ipso
1081 413 1175 459 vita
1194 423 1304 467 erat,
1341 413 1390 458 ὅτ
1419 412 1514 458 vita
1547 421 1642 456 erat
1663 410 1764 456 Lux
1785 407 2010 455 hominum.
2079 410 2143 456 Et
2166 410 2374 456 Verbum

371 498 479 529 caro
517 480 687 529 factum
727 481 807 538 est,
853 482 902 529 δε
934 479 1153 526 habitavit
1191 479 1238 524 in
1277 476 1425 532 nobis,
1463 478 1512 524 δε
1534 476 1738 522 vidimus
1766 473 1959 537 gloriam
1985 475 2142 536 lpfius,
2178 476 2374 538 gloriam

373 548 489 596 ficut
509 549 754 611 Unigeniti
779 563 804 592 a
827 545 1007 601 Patre‚’'
1047 561 1063 591 1
1085 562 1097 591 ε
1130 561 1170 592 1.
1192 560 1235 592 2.
1255 560 1297 606 3.
1318 560 1363 603 4.
1391 560 1482 601 143
1515 541 1724 589 Verbum
1756 556 1841 604 pro
1879 541 2009 587 omni
2031 541 2154 589 Vero
2175 544 2220 588 in
2244 542 2375 589 coelis

373 616 424 664 δε
446 616 494 661 in
518 617 645 660 terris
668 612 793 676 quod
818 627 845 658 a
868 611 1071 658 Divino:
1110 609 1256 669 Quod
1281 609 1338 656 ab
1362 621 1550 666 aeterno,
1587 605 1819 654 manifeste
1851 607 1987 654 docet
2009 605 2116 654 alibi
2145 609 2265 670 apud
2290 609 2385 668 Jo-·

371 680 584 736 hannem,
622 683 657 706 “
683 679 815 724 Dixit
838 677 1085 738 Johannes,
1121 677 1220 724 Hic
1259 688 1368 733 erat,
1417 677 1497 739 qui
1534 674 1634 739 post
1671 690 1745 721 me
1782 676 1984 730 venienS,
2034 684 2134 720 ante
2168 690 2231 720 me
2257 675 2374 734 fuit,

362 749 470 811 quia
484 749 610 809 prior
630 761 692 792 me
703 744 799 806 fuit
819 763 835 792 :
874 743 1051 791 medius
1090 744 1205 791 inter
1244 758 1327 790 vos
1366 742 1467 798 stat,
1502 757 1639 806 quem
1666 757 1749 788 vos
1780 757 1871 789 non
1909 739 2063 797 nostis,
2100 738 2174 786 ille
2195 739 2259 786 est
2292 742 2373 803 qui

369 813 472 876 post
512 828 586 860 me
623 823 841 858 venturus
876 810 956 867 est,
1005 811 1086 873 q'ui
1123 820 1224 858 ante
1258 827 1322 857 me
1347 810 1496 870 fuit,'’
1536 826 1583 856 1:
1616 826 1688 871 15.
1717 823 1793 872 27.
1821 825 1897 872 30.
1968 806 2114 871 Apud
2139 805 2373 862 Eundem,

369 885 405 907 “
440 879 487 925 Si
509 878 711 925 videritis
735 878 905 925 Filium
932 877 1129 924 hominis
1161 876 1490 933 ascendentem,
1524 875 1603 922 ubi
1633 886 1729 922 erat
1757 874 1931 938 prius,’'
1965 890 2049 922 vl:
2078 874 2155 922 62.
2226 873 2375 937 Apud

366 945 600 1002 Eundem,
638 950 672 971 “
697 943 825 1005 Jesus
866 944 999 1000 dixit,
1043 959 1191 1000 amen,
1228 959 1359 991 amen
1398 942 1506 989 dico
1542 941 1690 998 vobis,
1738 943 1986 1005 priusquam
2009 940 2232 989 Abraham
2256 941 2372 1002 suit,

365 1014 459 1075 Ego
471 1011 620 1075 sum,''
653 1027 788 1059 v111:
816 1016 906 1074 58:
956 1010 1106 1075 Apud
1130 1010 1365 1066 Eundem,
1402 1014 1437 1037 “
1461 1007 1637 1056 Sciebat
1674 1008 1803 1072 quod
1839 1025 1864 1056 a
1887 1009 1980 1056 Deo
2003 1009 2203 1063 exiverit,
2241 1008 2290 1054 δε
2314 1006 2374 1053 ad

363 1079 522 1126 Deum
559 1078 748 1136 abiret,’'
783 1094 920 1125 xrri:
951 1095 993 1142 3.
1066 1076 1212 1140 Apud
1237 1076 1471 1133 Eundem,
1510 1081 1544 1102 “
1569 1074 1667 1139 Ipse
1689 1076 1822 1122 Pater
1853 1087 1975 1122 amat
1998 1090 2099 1131 VOS,
2133 1073 2262 1137 quod
2286 1089 2372 1121 vos

366 1145 452 1192 Me
475 1145 668 1201 amastis,
705 1146 753 1192 ὅτ.
777 1144 1026 1191 credidistis
1048 1143 1176 1207 quod
1198 1146 1293 1206 Ego
1322 1160 1351 1189 a
1378 1143 1469 1189 Deo
1506 1143 1708 1189 exiverim
1725 1160 1742 1190 .-
1779 1144 1898 1189 exivi
1919 1159 1948 1189 a
1965 1142 2104 1189 Patre
2126 1142 2181 1190 fs?
2204 1142 2305 1187 veni
2326 1142 2374 1187 in

365 1212 579 1268 mundum,
616 1213 780 1257 iterum
806 1211 1013 1273 relinquo
1036 1209 1285 1266 mundum,
1322 1211 1371 1257 &
1394 1225 1451 1256 eo
1480 1208 1536 1255 ad
1560 1209 1794 1264 Patrem,”
1830 1223 1919 1256 xvi
1942 1227 1954 1256 ε
1983 1223 2060 1271 27.
2088 1211 2163 1256 28.
2221 1207 2372 1271 Apud

366 1277 602 1333 Eundem,
640 1282 674 1303 “
697 1277 806 1339 Ego
838 1276 1092 1339 glorificavi
1116 1277 1190 1323 Te
1219 1274 1349 1340 super
1382 1287 1515 1331 terra,
1550 1291 1667 1339 opus
1701 1272 1865 1339 perfeci
1899 1274 2026 1337 quod
2059 1271 2221 1320 dedisti
2244 1272 2371 1320 Mihi

364 1355 416 1390 ut
440 1342 629 1390 facerem
653 1365 668 1398 ·‚
704 1359 823 1390 nunc
847 1358 958 1406 ergo
980 1341 1187 1405 glorifica
1209 1343 1295 1389 Me
1319 1343 1452 1392 Pater
1474 1342 1596 1404 apud
1620 1343 1693 1389 Te
1714 1340 1870 1404 Ipsum
1894 1341 2056 1403 gloria,
2091 1356 2214 1404 quam
2237 1339 2372 1386 habui

364 1420 587 1474 antequam
626 1409 802 1457 mundus
837 1409 932 1476 efflet
970 1409 1087 1471 apud
1118 1409 1191 1456 Te.
1261 1409 1336 1456 Ut
1373 1408 1558 1455 videant
1597 1407 1792 1473 gloriam
1833 1423 1999 1463 meam,
2033 1422 2172 1470 quam
2207 1405 2371 1453 dedisti

364 1476 503 1532 Mihi,
540 1479 647 1540 quia
680 1475 833 1523 amasti
858 1477 942 1523 Me
965 1486 1066 1522 ante
1076 1475 1375 1537 fundationem
1397 1474 1590 1531 mundi,''
1626 1490 1770 1522 xvu:
1799 1490 1844 1537 5.
1871 1491 1968 1534 24„
2000 1473 2147 1537 Apud
2171 1472 2369 1529 Esaiam,

363 1547 398 1568 “
432 1543 551 1590 Puer
591 1556 719 1590 natus
756 1542 822 1589 est
856 1541 1002 1599 nobis,
1040 1542 1183 1589 Filius
1216 1541 1346 1589 datus
1382 1541 1445 1589 est
1475 1541 1623 1598 nobis,
1660 1542 1710 1588 ὅτ
1731 1539 1973 1588 vocabitur
1993 1540 2182 1587 Nomen
2206 1539 2367 1602 Ipsius,

359 1608 603 1666 Mirabilis,
657 1609 962 1665 Confiliarius,
1013 1609 1158 1664 DeuS,
1207 1609 1381 1664 Heros,
1432 1609 1572 1655 Pater
1608 1609 1880 1663 aeternitati5,
1933 1607 2148 1669 Princeps
2195 1606 2368 1669 pacis,’'

364 1690 445 1722 ix:
474 1676 516 1721 6.
589 1676 743 1737 Qoo
782 1676 1026 1721 Donamus
1068 1689 1370 1720 umviznsum
1408 1688 1615 1729 REGAT,
1676 1673 1848 1720 constat
1895 1673 2019 1735 apud
2065 1672 2368 1729 Matthaeum,

363 1744 397 1766 “
434 1741 606 1788 Omnia
632 1740 756 1787 Mihi
786 1740 946 1787 tradita
979 1739 1081 1786 sunt
1113 1755 1138 1785 a
1162 1740 1294 1787 Patre
1332 1739 1486 1795 meo,'’
1520 1754 1571 1785 xr
1596 1757 1607 1786 t
1636 1755 1660 1786 2
1670 1755 1713 1800 5.
1785 1740 1931 1802 Apud
1958 1739 2192 1796 Eundem,
2230 1743 2264 1765 “
2288 1739 2368 1799 Je-

357 1806 427 1853 sus
468 1808 584 1854 dixit
623 1806 870 1871 discipulis,
921 1806 1026 1853 data
1063 1805 1125 1852 est
1161 1806 1284 1852 Mihi
1323 1805 1474 1852 omnis
1519 1804 1713 1868 potestas
1766 1805 1812 1852 in
1860 1804 1984 1852 coelo
2026 1806 2075 1851 δε
2114 1805 2159 1850 in
2201 1805 2366 1860 terra,'’

358 1887 561 1922 xxvm:
591 1878 662 1921 18.
735 1873 882 1936 Apud
922 1873 1197 1933 Johannem‚
1235 1877 1269 1899 “
1295 1873 1427 1919 Pater
1465 1873 1620 1919 omnia
1657 1871 1784 1919 dedit
1826 1873 1870 1920 in
1913 1886 2101 1918 manum
2127 1870 2250 1927 Filii,
2286 1873 2368 1934 qui

358 1939 500 1987 credit
523 1941 568 1985 in
595 1939 765 1986 Filium
799 1939 932 1986 habet
964 1941 1107 1991 vitam
1145 1940 1411 1995 aeternam,'’
1453 1955 1554 1986 111:
1584 1954 1661 2002 35.
1690 1940 1765 2001 36.
1822 1943 1855 1966 “
1880 1937 1992 1985 Non
2025 1938 2159 1985 Pater
2188 1935 2366 1999 judicat

356 2020 672 2068 quemquam,
732 2004 806 2051 sed
845 2003 1075 2068 judicium
1123 2020 1259 2052 omne
1306 2005 1432 2052 dedit
1477 2005 1646 2061 Filio,”
1683 2001 1748 2053 V:
1778 2021 1853 2054 22.
1926 2004 2073 2068 Apud
2120 2003 2364 2059 Eundem,

359 2078 393 2099 ‘⁶
430 2072 603 2119 Sciebat
626 2069 773 2132 Jesus,
809 2071 936 2134 quod
971 2071 1125 2118 omnia
1155 2070 1341 2117 dedisset
1363 2071 1451 2134 Ipsi
1474 2072 1606 2118 Pater
1638 2072 1685 2118 in
1719 2070 1930 2126 manus,”
1966 2086 2106 2117 x111:
2135 2089 2176 2134 3.
2216 2071 2364 2134 Apud

356 2139 591 2195 Eundem,
629 2143 662 2165 “
688 2139 860 2184 Omnia
896 2152 1182 2200 quaecunque
1222 2137 1353 2183 Pater
1391 2135 1538 2193 habet,
1590 2137 1703 2184 Mea
1733 2136 1884 2194 sum,’'
1920 2152 2040 2184 xvx:
2071 2155 2142 2198 15.
2213 2137 2365 2199 Apud

355 2205 591 2261 Eundem,
630 2209 662 2230 “
688 2203 815 2265 Jesus
839 2205 973 2259 dixit,
1009 2203 1229 2250 Glorifica
1252 2203 1422 2250 Filium
1446 2215 1598 2259 tuum,
1634 2214 1686 2248 ut
1709 2204 1846 2249 etiam
1870 2203 2013 2250 Filius
2051 2216 2155 2250 tuus
2186 2202 2359 2266 glorifi—

355 2284 429 2318 cet
465 2272 555 2328 Te,
604 2271 718 2318 ficut
764 2270 923 2317 dedisti
962 2269 1051 2333 Ipfi
1089 2268 1354 2333 potestatem
1405 2269 1556 2316 omnis
1602 2269 1794 2323 carnis,'’
1838 2283 1979 2315 xvii:
2022 2285 2060 2317 1.
2097 2287 2140 2318 2.
2212 2270 2359 2333 Apud

355 2337 588 2394 Eundem,
628 2338 856 2383 “Omnia
896 2336 1009 2389 Mea
1046 2338 1152 2383 Tua
1188 2335 1305 2392 sunt,
1355 2336 1533 2384 &Tua
1556 2335 1682 2391 Mea,
1735 2334 1807 2381 sed
1849 2333 2128 2397 glorificatus
2171 2333 2270 2381 sum
2312 2336 2359 2382 in

357 2402 460 2459 illis,
497 2419 589 2449 non
612 2403 806 2466 amplius
830 2401 929 2449 sum
955 2404 1000 2448 in
1027 2401 1220 2458 mundo,
1258 2403 1365 2465 Ego
1391 2417 1587 2464 namque
1610 2401 1666 2448 ad
1690 2402 1762 2447 Te
1786 2401 1971 2457 venio,’'
2009 2416 2147 2448 xvu:
2179 2418 2250 2449 10.
2283 2419 2355 2449 11.

355 2468 501 2532 Apud
527 2469 726 2525 Lucam,
764 2473 798 2495 ‘⁶
823 2469 996 2515 Omnia
1034 2468 1195 2516 tradita
1231 2468 1333 2514 sunt
1369 2467 1494 2514 Mihi
1532 2484 1555 2514 a
1594 2469 1728 2515 Patre
1751 2467 1917 2523 Meo,'’
1952 2481 2014 2514 x:
2043 2483 2119 2515 22.
2190 2467 2266 2513 Ex
2290 2467 2358 2514 his

355 2550 475 2582 nunc
505 2535 691 2591 constat,
727 2533 855 2597 quod
894 2535 1121 2581 Divinum
1161 2535 1343 2580 Bonum
1382 2532 1452 2590 fit,
1488 2533 1615 2596 quod
1647 2534 1778 2580 Pater
1813 2544 2018 2589 vocatur,
2054 2534 2104 2580 ὅτ
2126 2532 2356 2580 Divinum

353 2601 531 2648 Verum
559 2601 684 2666 quod
711 2602 748 2648 F
752 2601 883 2655 ilius;
922 2602 968 2648 ὅτ
992 2600 1118 2663 quod
1141 2601 1371 2647 Dominus
1401 2615 1457 2646 ex
1479 2600 1655 2647 Divino
1678 2601 1810 2647 Bono
1832 2615 1912 2662 per
1931 2599 2159 2657 Divinum
2177 2599 2357 2647 Verum

352 2669 509 2716 omnia
548 2669 596 2715 δε
636 2667 809 2731 singula
847 2668 891 2713 in
933 2665 1140 2713 universo
1176 2679 1330 2730 regat:
1369 2667 1476 2728 quia
1515 2667 1593 2722 ita,
1638 2667 1687 2714 &
1710 2665 1797 2713 hoc
1837 2678 1931 2718 tam
1967 2662 2254 2712 manifestum
2293 2681 2353 2713 ex

351 2734 523 2790 Verbo,
562 2735 728 2781 mirum
755 2733 834 2790 est,
870 2734 998 2797 quod
1038 2749 1130 2779 non
1171 2734 1216 2779 in
1241 2731 1493 2780 Christiano
1516 2732 1659 2789 Orbe,
1695 2732 1810 2779 ficut
1830 2734 1875 2779 in
1900 2732 2055 2789 Coelo,
2090 2733 2351 2779 Dominum

353 2800 514 2848 Solum
550 2799 791 2864 agnoscant
829 2800 878 2847 ὅτ
919 2799 1122 2856 adorent,
1159 2802 1207 2846 ὅτ,
1243 2800 1301 2847 fic
1339 2815 1486 2846 unum
1508 2800 1696 2855 Deum3
1731 2799 1877 2846 sciunt
1915 2800 2038 2846 enim
2073 2799 2124 2845 δε
2165 2798 2350 2856 docent,

351 2867 477 2928 quod
503 2883 640 2915 omne
664 2869 864 2916 Trinum
899 2868 944 2913 in
974 2867 1177 2914 Domino
1202 2866 1267 2914 sit.
1328 2866 1473 2923 Quod
1498 2866 1691 2928 Spiritus
1713 2865 1918 2922 Sanctus,
1954 2866 2033 2928 qui
2057 2880 2242 2928 quoque
2266 2881 2354 2928 pro

353 2931 456 2979 Deo
477 2931 684 2982 distincto
705 2950 730 2981 a
753 2933 872 2981 Filio
905 2934 955 2980 &
981 2933 1111 2980 Patre
1135 2933 1318 2989 colitur,
1354 2932 1408 2979 sit
1431 2931 1633 2979 sanQum
1660 2931 1856 2995 spiritus,
1894 2931 1967 2978 seu
2000 2930 2199 2977 sanstum
2223 2931 2350 2994 quod

387 3013 436 3044 er
473 2999 665 3060 Spiritus
711 2999 783 3046 seu
824 2999 1031 3062 Angelos
1077 2999 1284 3063 procedit
1330 3015 1355 3045 a
1393 2999 1616 3055 Domino,
1669 2998 1756 3046 hoc
1800 2998 1879 3054 est,
1934 3013 1958 3044 a
1982 2999 2171 3049 Divino
2207 2996 2350 3060 Ipsius

352 3012 485 3178 {ione
519 3080 599 3130 per
620 3067 848 3115 Divinum
871 3067 1066 3126 Verum,
1101 3066 1223 3126 alibi,
1247 3081 1303 3115 ex
1325 3065 1495 3115 Divina
1517 3066 1711 3114 Domini
1734 3063 2065 3122 Misericordia,
2097 3062 2349 3111 manifesta·

385 3139 488 3179 Itur.

2200 3208 2348 3258 3705-
