2872 3730
553 258 676 301 202
1056 242 1855 315 GENE‘S‘I
1939 246 2009 316 S.-

541 355 805 417 voluntaria,
840 361 891 411 &
915 361 973 410 fic
997 363 1248 428 spontanea,
1284 367 1410 413 tunc*
1431 365 1696 415 evanescunt
1732 383 1788 416 ex
1826 367 2096 427 scientificis,
2128 381 2231 416 nam
2266 366 2421 433 sponte
2441 369 2509 417 ef-

540 421 688 499 flflUssf
708 447 720 478 ε
755 427 816 474 ita
837 444 1018 492 quoque
1039 429 1079 476 se
1102 431 1233 478 habet
1254 448 1363 479 curn
1384 431 1469 479 illis
1500 448 1606 496 quae
1639 433 1740 482 sunt
1762 436 2078 498 cognitionum
2103 434 2210 482 boni
2235 436 2283 482 &
2307 434 2510 498 verissspi-

540 488 710 563 rituahs
734 493 853 555 apud
877 495 1079 542 homines
1112 499 1191 560 qui
1222 514 1247 543 a
1269 499 1475 552 Domino
1497 513 1809 562 regenerantur
1828 500 1899 546 seu
1922 501 2224 557 renascuntur,
2258 500 2322 547 illi
2343 502 2510 563 prinoi-

540 568 619 614 pio
642 571 720 602 nec
744 559 867 607 aliter
898 559 998 606 sunt
1028 577 1165 624 quam
1195 561 1402 621 infantes,
1438 579 1540 611 vera
1571 564 1812 627 spiritualia
1843 567 1928 614 illis
1961 569 2163 630 primum
2198 566 2297 614 sunt
2333 567 2504 614 scienti‹

539 618 641 675 fica,
677 622 935 672 doctrinalia
973 629 1094 674 enim
1130 644 1237 675 cum
1273 629 1558 677 addiscuntur
1593 631 1642 678 &
1683 634 1913 679 memoriae
1953 631 2217 689 inseruntur,
2254 649 2344 680 non
2383 632 2509 680 aliud

539 684 656 742 sunt,
709 689 778 736 sed
821 693 894 738 illa
929 709 953 738 a
992 695 1196 740 Domino
1232 695 1465 742 succeffive
1504 697 1608 742 inde
1644 710 1903 753 evocantur,
1939 715 1988 746 ac
2022 699 2343 762 implantantur
2375 701 2504 756 vitae,

539 750 624 797 hoc
649 753 726 809 est,
766 755 899 812 bono,
935 767 1038 805 nam
1072 759 1245 806 bonum
1282 760 1345 807 est
1374 763 1497 817 vita·,
1547 777 1658 825 quo·
1680 761 1814 818 facto,
1863 763 1916 810 fit
1953 765 2076 827 quasi
2115 764 2306 821 versura,
2342 779 2507 828 nempe

536 818 669 893 quod·
687 820 826 868 homo
850 824 1028 870 inchoet
1050 841 1105 890 ex
1128 825 1264 881 bono,
1296 822 1387 873 hoc
1415 826 1493 884 est,
1528 843 1584 874 ex
1606 830 1699 876 vita
1736 844 1881 891 agere,
1928 846 2009 876 nec
2047 830 2255 893 amplius,
2290 843 2342 877 ut
2364 833 2506 894 prius,

535 897 591 954 ‘’,X
616 883 821 941 seientia3
859 889 916 935 ita
937 892 1014 952 qui
1037 907 1060 936 e
1084 907 1206 938 novo
1239 891 1440 948 nascitur,
1474 893 1628 940 similis
1668 896 1713 940 in
1753 894 1839 940 hoc
1872 894 1934 941 est
1972 894 2143 950 infanti,
2179 894 2252 942 sed
2276 895 2376 943 sunt
2398 898 2509 943 vitae

536 950 769 1008 lpiritualis
793 969 898 1015 quae
921 955 1102 1010 imbuit,
1138 957 1275 1020 usque
1298 970 1474 1004 utnon
1506 975 1564 1006 ex
1597 959 1830 1006 doetrinali
1860 959 1934 1006 seu
1958 977 2082 1017 vero,
2118 961 2192 1008 sed
2216 976 2272 1007 ex
2295 962 2505 1009 charitate

536 1012 607 1060 seu
635 1016 755 1063 bono
777 1032 910 1080 agat3
946 1037 1052 1068 cum
1076 1021 1162 1068 boc
1185 1023 1252 1079 fit,
1290 1036 1399 1072 tunc
1431 1025 1632 1087 primurn
1659 1025 1725 1071 est
1749 1029 1794 1072 in
1817 1026 1935 1073 statuv
1948 1027 2094 1084 beato,
2128 1028 2177 1074 &
2202 1027 2248 1073 in
2270 1026 2503 1091 sapientia:

534 1079 608 1125 Ex
632 1082 699 1127 his
722 1084 916 1131 constare
937 1086 1097 1147 potest,
1131 1089 1243 1149 quid
1276 1089 1328 1134 fit
1349 1088 1532 1151 separari
1554 1108 1578 1137 a
1599 1089 1846 1138 scientificis
1868 1093 1914 1138 in
1938 1092 2122 1139 naturali
2145 1093 2343 1150 homine,
2378 1093 2504 1157 quod

532 1147 806 1208 significatur
842 1166 921 1213 per
956 1152 1080 1213 quod
1117 1153 1325 1200 Rebecca
1361 1154 1573 1209 ceciderit
1609 1154 1798 1218 desuper
1836 1157 2026 1213 camelo,
2060 1159 2108 1204 δι
2143 1157 2230 1204 hoc
2264 1171 2504 1221 antequam

532 1216 677 1326 novit}
700 1215 825 1278 quod
862 1214 1269 1279 Jischak'uspeffet3
1319 1235 1424 1282 quae
1469 1220 1596 1283 quod
1640 1236 1795 1274 arcana
1832 1221 2081 1278 involvant,
2122 1223 2314 1285 :quisque
2353 1223 2506 1271 videre

530 1293 637 1340 pote
679 1318 688 1328 .
1900 1325 1902 1328 .
2496 1315 2502 1324 ›

599 1363 740 1408 3204.
778 1348 842 1395 Et
865 1350 978 1397 dixit
1002 1350 1055 1397 ad
1080 1351 1275 1408 servum,
1311 1352 1437 1415 quod
1474 1351 1693 1416 significet
1726 1350 2075 1414 explorationem
2115 1368 2140 1399 a
2171 1353 2343 1401 Divino
2375 1366 2502 1402 natu-

529 1413 624 1468 rali,
644 1414 812 1462 constat
832 1432 856 1462 a
872 1417 1192 1479 significatione
1210 1419 1358 1475 dicere
1375 1417 1463 1475 hic,
1480 1418 1606 1481 quod
1625 1418 1678 1464 sit
1693 1417 1936 1480 explorare,
1956 1433 2059 1464 nam
2077 1419 2386 1482 interrogavit,
2403 1423 2504 1484 quis

527 1481 599 1525 vir
637 1481 710 1527 ille
740 1481 802 1528 ibi
833 1483 1066 1531 ambulans
1101 1485 1146 1531 in
1179 1500 1324 1547 agro3
1359 1485 1408 1531 &
1438 1501 1464 1531 a
1499 1483 1818 1547 significatione
1856 1482 1986 1540 servi,
2019 1483 2146 1547 quod
2185 1485 2238 1533 fit
2274 1487 2501 1535 Divinum

528 1548 739 1604 naturale,
775 1549 831 1595 de
855 1566 943 1613 qua
963 1549 1093 1613 supra
1115 1566 1175 1597 n:
1204 1568 1344 1614 319¹·
1374 1566 1513 1613 3192·
2084 1594 2087 1597 Α
2194 1576 2196 1578 ·
2420 1580 2422 1584 ·

598 1631 737 1676 3205.
767 1615 896 1674 Quis
931 1617 1001 1661 vir
1041 1615 1113 1661 ille
1147 1615 1378 1662 ambulans
1418 1616 1465 1660 in
1498 1629 1609 1676 agro
1646 1612 1827 1660 obviam
1868 1612 2015 1670 nobis,
2049 1615 2176 1677 quod
2199 1614 2420 1679 significet
2442 1616 2500 1664 de

525 1678 749 1726 Rationali
787 1680 914 1742 quod
954 1683 1004 1726 in·
1039 1679 1131 1726 solo
1165 1680 1303 1735 bono,
1338 1695 1501 1743 nempe
1523 1679 1787 1742 exploratio,
1823 1677 1992 1726 constat
2025 1695 2081 1725 ex
2119 1679 2204 1726 illis
2235 1697 2340 1744 quae
2372 1682 2501 1744 supra

526 1743 647 1802 dicta
669 1744 769 1792 sunt
790 1746 847 1791 de
870 1744 1099 1806 Jffchako,
1135 1745 1261 1809 quod
1284 1745 1559 1792 exiverit-ad
1581 1743 1895 1791 meditandum
1917 1745 1962 1791 in
1988 1760 2116 1808 agro,
2150 1762 2244 1808 quo
2273 1742 2498 1810 fignifica-

526 1809 654 1856 batur
679 1811 922 1858 Rationalis
955 1811 1088 1858 status
1127 1813 1173 1858 in
1206 1812 1344 1867 bono,
1378 1810 1585 1858 videatur
1607 1827 1668 1859 n:
1695 1810 1839 1874 3196,
1873 1810 1944 1857 hic
1967 1811 2199 1857 Rationale
2222 1812 2497 1874 significatur

523 1891 604 1937 per
625 1878 775 1924 virum
797 1878 944 1933 illum,
980 1879 1030 1924 δε
1051 1878 1132 1924 effe
1147 1877 1201 1924 ‘in
1224 1877 1361 1933 bono,
1397 1893 1477 1940 per
1499 1875 1742 1933 ambulare,
1778 1891 1943 1938 nempe
1969 1875 2245 1933 meditando,
2281 1879 2327 1924 in
2351 1894 2494 1942 agro·‚

523 1941 704 1988 obviam
731 1942 857 1990 nobis
879 1943 941 1989 est
963 1943 1019 1989 ad
1044 1941 1420 2007 conjunctionem.
1651 1982 1653 1985 ,
2000 2002 2007 2007 ,
2078 2003 2081 2005 q

594 2009 733 2071 3206.
771 2009 834 2055 Et
870 2009 984 2056 dixit
1021 2008 1187 2066 servus,
1238 2009 1311 2056 ille
1350 2007 1563 2056 dominus
1597 2021 1740 2063 meuS,
1783 2005 1907 2070 quod
1941 2006 2168 2073 significet*
2196 2010 2493 2073 agnitionem,

522 2088 685 2136 nempe
714 2091 793 2137 per
813 2075 1041 2123 Divinum
1065 2075 1276 2132 naturale,
1310 2074 1435 2138 quod
1459 2074 1532 2120 hic
1554 2073 1616 2120 est
1648 2072 1814 2129 servus,
1850 2072 2046 2120 constare
2068 2074 2214 2137 potest
2229 2075 2402 2139 absque*
2417 2093 2494 2129 ex-¹

520 2139 787 2201 plicatione;
823 2141 947 2203 quod
984 2142 1172 2188 initiatio
1207 2141 1286 2187 fiat
1321 2156 1399 2203 per
1428 2140 1656 2186 Divinum
1685 2140 1895 2194 naturale,
1932 2139 2218 2187 videatur-ln:
2247 2159 2408 2208 31923
2443 2144 2494 2190 δε

519 2206 643 2267 quod
669 2208 848 2252 Bonum
873 2206 1079 2269 agnoscat
1102 2207 1232 2254 suum
1249 2206 1453 2262 Verum,
1477 2221 1528 2253 ac
1544 2206 1719 2264 Verum
1742 2203 1874 2251 suum
1897 2205 2096 2262 Bonum,
2127 2221 2187 2254 n:
2214 2222 2357 2272 3179.

591 2288 733 2335 3207,
752 2273 830 2319 *Et
869 2271 1040 2336 accepit
1075 2273 1262 2337 peplum
1290 2273 1349 2319 ’δε
1388 2271 1562 2318 obtexit
1599 2270 1657 2327 se,
1693 2271 1817 2333 quod
1841 2270 2060 2333 fignificet
2082 2275 2357 2335 apparentias
2378 2275 2491 2331 veri,

520 2337 690 2394 constat
719 2353 743 2383 a
774 2338 1093 2401 significatione
1122 2339 1262 2403 pepli,
1296 2354 1392 2402 quo
1425 2337 1593 2401 sponsae
1632 2336 1906 2400 obtegebant
1943 2334 2122 2394 faciem,
2157 2353 2263 2385 cum
2287 2341 2514 2402 primum-

517 2403 720 2449 viderent
754 2403 978 2467 sponsum,
1014 2407 1141 2468 quod
1179 2404 1263 2452 sint
1300 2404 1570 2468 apparentiae
1591 2404 1721 2459 veri·,
1758 2402 1927 2466 sponsae
1964 2403 2085 2450 enim
2121 2404 2245 2467 apud
2284 2406 2494 2469 antiquos

500 2469 883 2531 >repraestntaban‘t
923 2470 1174 2518 affectiones
1208 2472 1319 2527 veri,
1354 2471 1402 2518 &
1439 2469 1584 2533 sponsi
1620 2469 1874 2516 affectiones
1911 2468 2036 2524 boni,
2071 2468 2142 2515 seu
2183 2471 2320 2531 quod*
2348 2472 2511 2528 idem,.

518 2533 781 2590 Ecclefiam,
818 2552 922 2597 quae
959 2536 1112 2598 sponsa
1147 2536 1379 2583 dicebatur
1408 2551 1464 2581 ex
1486 2534 1718 2582 affectione
1737 2535 1850 2589 veri,
1886 2533 2066 2579 affectio
2084 2534 2191 2580 boni
2214 2542 2319 2596 q‘uae
2341 2550 2366 2580 a
2388 2536 2488 2582 Do-

519 2600 645 2644 min'o
668 2613 760 2655 erat
779 2600 976 2661 sponsus,
1002 2602 1105 2646 inde
1129 2601 1226 2662 Ipse
1247 2602 1475 2647 Dominus
1497 2601 1653 2661 paffim
1674 2600 1720 2644 in
1735 2598 1890 2656 Verbo
1913 2609 2102 2644 vocatur
2122 2597 2302 2660 sponsus
2322 2617 2332 2646 :
2369 2600 2489 2647 vela·-

519 2664 624 2710 bant
658 2663 825 2726 sponsae
850 2664 1006 2711 faciem
1029 2666 1086 2710 ad
1110 2667 1311 2727 primum
1345 2664 1560 2710 acceffum
1591 2661 1651 2707 ad
1692 2660 1919 2724 sponfiim,
1956 2674 2006 2708 ut
2030 2662 2387 2725 repraesentarent
2409 2681 2497 2729 ap·-

517 2731 731 2792 parentias
757 2732 849 2776 veri
869 2752 882 2785 3
919 2730 1018 2776 sunt
1051 2731 1317 2792 apparentiae
1340 2729 1433 2774 veri
1455 2744 1559 2774 non
1581 2742 1686 2773 vera
1717 2729 1762 2773 in
1799 2727 1856 2783 se,
1879 2727 1966 2774 *sed
1991 2731 2339 2792 apparentficut
2362 2746 2493 2788 vera„

516 2796 571 2841 de
595 2796 758 2857 quibus
782 2794 923 2849 infra·,
959 2794 1134 2841 affectio
1158 2796 1249 2841 veri
1273 2810 1363 2841 non
1397 2794 1477 2840 nis1
1509 2808 1646 2856 quam
1683 2808 1763 2855 per
1800 2795 2068 2868 apparentias
2101 2796 2193 2840 veri
2230 2795 2374 2858 potest
2411 2810 2484 2842 ac-

515 2862 667 2908 cedere
691 2862 746 2907 ad
770 2861 1048 2907 affectionem
1074 2861 1198 2916 boni,
1233 2876 1314 2906 nec
1335 2860 1456 2922 prius
1476 2860 1653 2905 exuitur
1671 2860 1949 2921 apparentiis,
1984 2874 2119 2921 quam
2153 2875 2259 2907 cum
2295 2859 2485 2924 conjun-

437 2962 451 2978 ,
514 2929 653 2990 gitur,
690 2939 797 2974 tunc
838 2929 957 2973 enim
998 2927 1051 2972 fit
1073 2927 1245 2972 Verum
1270 2926 1400 2986 Boni,
1438 2940 1488 2970 ac
1518 2925 1570 2970 fit
1601 2927 1852 2986 genuinum
1883 2937 2099 2986 quatenus
2125 2924 2297 2973 bonum
2320 2926 2382 2973 est
2401 2944 2482 2990 ge·

513 2995 705 3041 nuinum
726 3015 740 3047 ;
778 2992 923 3054 ipsum
947 2994 1128 3040 Bonum
1152 2991 1215 3039 est
1238 2990 1438 3037 sanctum
1461 2991 1566 3053 quia
1596 2989 1658 3035 est
1681 2990 1906 3036 Divinum
1932 2990 2177 3052 procedens
2210 3008 2235 3038 a
2251 2993 2480 3052 Dommo,

511 3074 562 3105 ac
586 3059 733 3105 influit
756 3060 977 3121 perviam
1003 3057 1074 3105 seu
1090 3055 1275 3121 januam
1299 3056 1567 3119 superiorem
1594 3056 1639 3102 in
1664 3056 1845 3102 homine
1865 3078 1886 3111 ς.
1914 3056 2087 3102 Verum
2110 3070 2260 3104 autem
2286 3060 2479 3120 origine·

513 3137 640 3170 tenus
666 3141 755 3171 non
779 3124 841 3170 est
864 3123 1078 3181 sanctum,
1114 3127 1219 3187 quia
1241 3124 1389 3169 influit
1421 3138 1499 3184 per
1522 3123 1652 3168 viam
1685 3120 1765 3168 seu-
1786 3118 1969 3184 januam
1995 3120 2278 3180 inferiorem,
2315 3126 2365 3171 δε
2387 3126 2493 3187 pri--

511 3206 643 3240 mum
673 3191 725 3239 fit
757 3183 973 3239 naturalis
988 3190 1202 3248 hominis,
1238 3188 1311 3237 sed
1344 3204 1451 3236 cum
1483 3187 1682 3237 elevatur
1712 3188 1816 3236 inde
1839 3187 1988 3246 versus
2010 3192 2287 3249 rationalem,
2323 3190 2491 3254 *purifi-L

2355 3267 2482 3304 catur
