2872 3730
565 260 922 328 CAPUT
974 254 1588 321 VIGESIMUM
1644 223 2230 324 SECUNDUM.
2319 282 2400 347 25
2456 352 2466 357 η

389 401 522 465 super
554 396 748 445 scientur
785 395 917 459 plura
951 392 1008 440 de
1047 389 1400 440 Tentationibus
1419 426 1434 448 ‚
1486 403 1540 439 ut
1575 390 1688 456 quid
1726 391 2022 440 Tentationes
2066 395 2306 445 exteriores
2346 397 2398 445 δε

390 467 637 520 interiores,
673 462 780 510 inde
815 460 931 525 quid
970 460 1270 510 Tentationes
1309 459 1486 506 intimae
1529 459 1580 506 ὅτ
1618 458 1894 522 graviffimae
1933 474 2039 522 quae
2074 460 2300 520 Domino,
2342 464 2402 511 de

386 531 555 597 quibus
593 530 640 577 in
684 529 773 577 hoc
812 528 1009 591 Capite3
1044 525 1268 590 quamdiu
1284 525 1398 573 vhaec
1435 526 1719 588 ignorantur,
1754 524 1978 590 nusquam
2003 524 2192 574 describi
2215 524 2278 574 ad'
2294 545 2398 592 cap·

390 613 492 647 tum
530 596 713 661 pofl‘unt
749 594 823 642 illa
862 610 970 658 quae
1012 594 1061 641 in
1101 592 1190 641 hoc
1212 591 1390 648 Versu;
1426 593 1475 639 δε
1512 591 1546 639 s1
1585 590 1950 648 describerentur,
1988 592 2125 639 etiam
2148 593 2399 652 clariffime‚

390 665 530 729 usque
566 661 847 727 apparebunt
882 658 1099 716 obscura3
1135 659 1348 723 Angelis,
1383 658 1490 723 quia
1513 659 1560 706 in
1597 658 1699 706 luce
1734 658 1844 706 coeli
1871 674 1897 706 a
1918 659 2145 716 Domino,
2182 658 2283 707 sunt
2302 661 2402 710 haec

390 731 547 780 omnia
585 727 820 777 manifesta
854 728 906 775 δε
945 727 1078 784 clara,
1115 726 1213 774 imo
1249 725 1393 783 beata,
1428 726 1536 788 quia
1571 723 1883 773 coelestiffima.
1955 725 2056 773 Hic
2079 725 2226 774 modo
2247 727 2401 775 dicen·

392 799 526 854 dum,
562 796 691 860 quod
712 795 947 843 Dominus
971 793 1194 858 nusquam
1218 793 1372 857 potuit
1395 793 1571 850 tentari,
1607 807 1716 840 cum
1756 789 1845 838 fuit
1883 792 1930 839 in
1963 791 2060 856 ipso
2082 793 2277 850 Divino,
2312 795 2398 842 Di-

394 867 558 912 vinum
597 863 720 910 enim
757 860 822 909 est
856 861 1035 909 infinite
1081 860 1211 924 supra
1249 874 1438 907 omnem
1477 859 1791 914 tentationem,
1827 856 1902 905 sed
1937 859 2091 923 potuit
2113 859 2267 923 quoad
2290 861 2402 908 Hu-

397 945 620 985 manum·,
679 929 780 976 haec
825 926 954 976 causa
999 927 1079 984 est,
1131 925 1258 990 quod
1276 961 1291 984 ,
1349 941 1458 972 cum
1504 926 1783 988 gravissimas
1820 925 1872 972 &
1911 925 2094 973 intimas
2139 927 2407 975 tentationes

394 998 579 1054 subiret,
615 993 871 1057 adjunxerit
908 993 989 1041 fibi
1018 994 1272 1042 humanum
1314 994 1456 1056 prius,
1508 1007 1675 1055 nempe
1711 989 1808 1056 ejus
1846 992 2059 1039 rationale
2100 991 2151 1041 δε
2188 993 2405 1052 naturale,

395 1077 449 1112 ut
490 1065 537 1111 in
561 1062 703 1110 Vers:
732 1079 780 1126 3,
816 1059 1097 1118 describitur,
1132 1060 1182 1108 δε
1220 1059 1328 1106 dein
1364 1057 1493 1124 quod
1532 1058 1796 1123 separaverit
1833 1055 1877 1106 se
1913 1058 1969 1106 ab
2005 1058 2109 1116 illis,
2144 1071 2198 1106 ut
2230 1060 2278 1108 in
2314 1060 2403 1108 hoc

393 1130 540 1180 Versu
579 1129 763 1186 dicitur,
798 1139 845 1176 at
881 1127 1022 1192 usque
1057 1126 1188 1192 quod
1227 1126 1459 1173 retinuerit
1493 1126 1597 1182 tale,
1632 1140 1716 1189 per
1751 1124 1881 1189 quod
1922 1126 2081 1173 tentari
2104 1125 2263 1190 poflet,
2299 1141 2409 1191 quae

396 1197 526 1246 causa
556 1196 638 1252 est,
672 1195 802 1259 quod
834 1195 908 1242 hic
947 1210 1039 1242 non
1077 1194 1254 1241 dicatur
1275 1190 1515 1253 Jischakus
1554 1191 1677 1238 filius
1715 1207 1861 1249 mem,
1896 1190 1967 1239 sed
1994 1208 2122 1255 puer,
2158 1209 2239 1257 per
2266 1209 2410 1258 quem

395 1263 528 1328 quod
567 1261 847 1324 intelligatur
877 1260 1115 1308 Rationale
1136 1260 1368 1307 Divinum
1399 1260 1446 1306 in
1490 1257 1567 1306 tali
1610 1257 1744 1316 statu,
1780 1274 1948 1323 nempe
1983 1260 2031 1306 in
2062 1258 2180 1308 statu
2200 1262 2297 1309 veri
2333 1275 2409 1308 ac-

399 1330 602 1378 cindtum
626 1328 895 1392 graviffimis
919 1328 967 1374 ὅτ,
993 1327 1167 1374 intimis
1198 1325 1503 1373 tentationum
1536 1326 1724 1389 pugnis,
1761 1324 1970 1373 videatur
1992 1342 2052 1374 n:
2081 1342 2207 1392 2793
2231 1346 2242 1375 ε
2277 1326 2409 1391 quod

399 1413 494 1444 non
518 1394 668 1459 ipsum
691 1394 936 1451 Divinum,
972 1409 1057 1441 nec
1081 1393 1311 1440 Divinum
1331 1392 1614 1439 Humanum
1652 1391 1796 1455 posset
1830 1393 2006 1449 tentari,
2041 1394 2268 1440 unicuivis
2301 1409 2409 1441 con·

392 1463 508 1511 stare
531 1460 696 1526 potest,
712 1458 879 1508 solum
902 1475 959 1508 ex
980 1476 1053 1517 eo,
1087 1458 1216 1523 quod
1252 1474 1308 1506 ne
1342 1458 1534 1522 quidem
1559 1457 1733 1521 Angeli
1762 1457 1820 1506 ad
1842 1459 2071 1506 Divinum
2094 1461 2413 1524 approximare

330 1533 337 1539 ’
401 1531 585 1594 poffint,
621 1528 772 1574 minus
806 1526 1004 1590 spiritus,
1039 1528 1121 1588 qui
1158 1526 1425 1571 tentationes
1462 1525 1707 1580 inducunt,
1740 1524 1792 1571 &
1830 1524 1979 1571 adhuc
2019 1525 2171 1573 minus
2208 1526 2412 1583 inferna3

399 1595 507 1642 inde
547 1603 686 1658 patet,
722 1607 805 1639 cur
841 1591 1074 1640 Dominus
1108 1590 1157 1636 in
1203 1588 1437 1637 mundum
1475 1590 1619 1646 venit,
1667 1590 1718 1637 δε
1757 1589 1909 1653 ipsum
1946 1590 2204 1638 humanum
2244 1591 2413 1640 statum

399 1677 511 1710 eum
557 1658 743 1707 infirmo
772 1655 869 1722 ejus
909 1657 1078 1715 induit,
1113 1656 1174 1704 fic
1216 1656 1340 1703 enim
1378 1657 1532 1721 potuit
1570 1655 1724 1720 quoad
1758 1655 2015 1705 humanum
2046 1659 2227 1716 tentari,
2261 1658 2312 1706 δι
2333 1675 2416 1723 per

402 1727 670 1776 tentationes
706 1723 945 1790 subjugare
984 1722 1172 1781 inferna,
1207 1738 1258 1770 ac
1298 1724 1458 1772 omnia
1497 1724 1542 1770 δι
1587 1722 1764 1789 singula
1803 1723 1861 1771 ad
1901 1723 2225 1783 obedientiam,
2276 1725 2327 1774 &
2368 1728 2415 1774 in

398 1795 630 1851 ordinem,
667 1792 888 1856 redigere,
923 1807 973 1840 ac
997 1790 1162 1843 salvare
1185 1789 1445 1841 humanum
1470 1805 1634 1855 genuS,
1668 1790 1798 1855 quod
1833 1803 1932 1840 tam
1966 1791 2106 1857 longe
2141 1791 2184 1840 se
2212 1794 2418 1843 removit

401 1878 432 1910 a
463 1860 677 1925 supremo
696 1860 889 1910 Divino,
2347 1867 2350 1870 ⁴
2373 1891 2380 1897 ·

391 1964 393 1968 -
478 1928 623 1994 2796.
662 1925 812 1990 Quod
850 1925 1126 1983 induitiones
1161 1927 1396 1976 variorum
1438 1923 1637 1977 statuum
1671 1941 1697 1973 a
1715 1924 1927 1976 Domino
1958 1925 2134 1985 attinet,
2170 1926 2229 1975 de
2248 1926 2418 1992 quibus

377 1995 481 2045 ⁴„hic
520 1995 688 2058 agitur,
724 2009 818 2041 non
840 1993 1024 2057 possunt
1046 2008 1140 2044 non
1162 1994 1335 2059 ignotae
1360 1991 1444 2041 effe
1475 1991 1670 2049 homini,
1704 1993 1813 2056 quia
1844 1992 2067 2057 nusquam
2098 1993 2231 2058 super
2269 2006 2422 2044 muta-

404 2062 550 2110 tiones
586 2061 788 2108 statuum
826 2060 1031 2118 refleffit‚
1066 2076 1177 2110 cum
1211 2073 1364 2111 tamen
1404 2059 1478 2107 hae
1515 2059 1747 2107 continuae
1786 2057 1906 2116 sunt,
1953 2071 2047 2110 tam
2088 2060 2238 2124 quoad
2287 2062 2422 2109 intel-

405 2127 610 2176 leEtualia
638 2125 728 2174 ⁸seu
773 2127 1093 2191 cogitationeS,
1144 2144 1286 2192 quam
1331 2126 1487 2192 quoad
1528 2125 1785 2178 voluntaria
1830 2125 1904 2177 seu
1949 2126 2237 2184 affeaiones;
2269 2129 2421 2193 ‘quod

409 2193 541 2259 super
579 2194 658 2242 has
693 2210 787 2242 non
825 2194 1038 2253 reflestat,
1090 2194 1220 2247 causa
1253 2193 1335 2252 est,
1385 2193 1496 2258 quia
1532 2191 1678 2241 credit
1715 2194 1873 2243 omnia
1911 2193 1964 2242 ὅτ
1998 2193 2173 2258 singula
2209 2195 2332 2259 apud
2379 2195 2423 2244 se

396 2261 611 2312 ‚naturali
640 2261 800 2309 ordine
839 2260 1070 2326 consequi,
1106 2264 1157 2311 ὅτ
1180 2261 1293 2312 nihil
1316 2260 1401 2308 effe
1422 2260 1623 2324 superius
1646 2261 1774 2325 quod
1797 2260 1987 2324 dirigit;
2023 2277 2142 2309 cum
2171 2274 2323 2310 tamen
2360 2263 2423 2310 ita

408 2327 452 2373 se
489 2327 662 2390 habeat,
697 2328 826 2391 quod
857 2329 1014 2375 omnia
1048 2330 1098 2376 ὅτ
1141 2328 1317 2392 smgula
1338 2326 1636 2392 disponantur
1672 2343 1756 2391 per
1795 2324 1976 2391 spiritus
2011 2328 2060 2376 &
2091 2328 2275 2392 angelos
2297 2328 2423 2392 apud

411 2405 539 2446 eum,
576 2392 641 2437 ὃτ-
667 2394 794 2453 quod
818 2409 996 2441 omnes
1036 2393 1174 2442 status
1212 2396 1264 2442 δε
1304 2393 1505 2442 stamum
1543 2395 1817 2440 mutationes
1856 2393 1964 2440 inde
1997 2393 2100 2451 sint,
2137 2397 2188 2441 ὅτ
2211 2394 2273 2440 fic
2313 2394 2424 2443 diri·

415 2469 582 2522 gantur
602 2471 629 2502 a
649 2456 860 2503 Domino
883 2457 940 2503 ad
962 2456 1075 2503 fines
1097 2459 1144 2503 in
1168 2469 1409 2513 aeternum,
1445 2472 1562 2519 quos
1602 2457 1720 2503 solus
1740 2458 1976 2506 Dominus
1999 2457 2258 2519 praevidet3
2294 2459 2426 2522 quod

413 2525 478 2572 ita
514 2521 557 2570 se
594 2537 662 2569 res
700 2521 877 2578 habeat,
929 2522 1044 2568 mihi
1082 2539 1164 2586 per
1202 2522 1407 2586 plurium
1442 2537 1565 2569 nunc
1600 2537 1827 2569 annorum
1862 2525 2202 2586 experientiam,
2251 2527 2424 2574 notiffi-

415 2604 559 2638 mum
587 2586 762 2636 fafitum
799 2587 895 2643 est;
945 2600 1048 2638 tum
1081 2587 1188 2636 scire
1222 2590 1272 2636 &
1312 2586 1544 2635 observare
1581 2587 1762 2646 datum,
1796 2585 1987 2652 quinam
2028 2589 2209 2655 spiritus
2252 2593 2304 2640 δε
2341 2608 2423 2640 an·

410 2657 507 2724 geli
545 2654 667 2719 apud
705 2671 780 2702 rne
817 2653 973 2711 essent,
991 2655 1081 2702 δε·
1097 2653 1318 2719 quosnam
1358 2653 1496 2702 status
1535 2653 1836 2711 inducerent;
1872 2655 1922 2702 &
1946 2655 2035 2704 hoc
2058 2657 2295 2707 asseverare
2318 2659 2422 2723 pos-

414 2723 535 2779 sum,
570 2721 701 2785 quod
726 2737 892 2771 ornnes
930 2720 1066 2768 status
1101 2721 1242 2786 usque
1282 2721 1340 2769 ad
1381 2722 1575 2768 minima
1608 2736 1768 2774 eorum
1810 2721 1916 2773 inde
1956 2724 2155 2781 veniant,
2202 2725 2256 2773 &
2293 2725 2424 2790 quod

394 2806 443 2837 -a
479 2790 691 2837 Domino
731 2789 792 2836 ita
830 2787 1117 2852 dirigantur-,
1169 2800 1274 2836 tum
1315 2786 1423 2835 scire
1461 2788 1514 2836 ὅτ
1551 2785 1786 2836 observare
1825 2788 2003 2847 datum,
2054 2790 2183 2854 quod
2222 2793 2270 2839 in
2307 2808 2423 2840 uno-

414 2856 587 2920 quovis
618 2854 731 2902 statu
772 2854 858 2902 fint
893 2855 1126 2919 perplures
1162 2855 1253 2912 alii,
1287 2854 1369 2919 qui
1401 2870 1496 2902 non
1522 2867 1754 2918 apparent,
1790 2855 1835 2902 ἃ
1877 2857 1958 2919 qui
1998 2871 2107 2904 cum
2146 2857 2282 2905 fimul
2321 2858 2423 2906 sunt

419 2934 635 2987 apparent
668 2934 720 2969 ut
757 2923 1019 2969 communis
1057 2937 1193 2979 unus,
1230 2924 1280 2969 &
1304 2920 1432 2986 quod
1456 2920 1523 2968 illi
1546 2921 1684 2969 status
1706 2920 1908 2986 dispositi
1945 2922 2032 2970 s1nt
2070 2924 2128 2971 ad
2166 2923 2303 2972 status
2341 2927 2423 2989 qui

415 2989 580 3037 ordine
619 2990 667 3035 in
705 2987 781 3036 sua
815 2986 920 3035 serie
963 2986 1241 3053 sequuntur:
1295 2987 1395 3036 haec
1433 2987 1556 3052 apud
1594 2986 1830 3036 hominem
1868 2988 1987 3042 fiunt
2024 3007 2049 3037 a
2084 2991 2328 3046 Domino·,
2378 3004 2422 3040 at

420 3055 545 3119 apud
572 3053 726 3118 Ipsum
748 3054 1028 3112 Dominum,
1061 3071 1172 3103 cum
1213 3055 1334 3102 vixit
1372 3056 1420 3101 in
1468 3054 1663 3111 mundo,
1698 3054 1865 3102 fiebant
1903 3055 1960 3103 ab
1990 3055 2111 3120 Ipso,
2147 3059 2254 3121 quia
2288 3058 2423 3105 Divi-

419 3137 510 3174 nus
545 3133 654 3177 erat,
689 3122 737 3170 &
767 3121 917 3185 ipsum
941 3121 1044 3170 Esse
1075 3123 1186 3169 vitae
1222 3120 1366 3186 Ipsius
1402 3118 1490 3181 fuit
1512 3114 1734 3182 Jehovah.
1804 3121 2091 3170 Mutationes
2112 3122 2251 3170 status
2272 3124 2425 3185 quoad

424 3185 738 3239 inteueetualia
758 3188 809 3239 &
829 3187 1084 3240 voluntaria
1117 3187 1242 3253 apud
1274 3187 1527 3247 hominem,
1563 3188 1614 3308 g
1638 3203 1734 3254 quo
1757 3187 1915 3241 ordine
1935 3187 2305 3253 consequuntur,
2323 3200 2427 3238 tum

2348 3270 2430 3320 per
