<?xml version="1.0" encoding="UTF-8"?>
<!DOCTYPE html PUBLIC "-//W3C//DTD XHTML 1.0 Transitional//EN"
    "http://www.w3.org/TR/xhtml1/DTD/xhtml1-transitional.dtd">
<html xmlns="http://www.w3.org/1999/xhtml" xml:lang="en" lang="en">
 <head>
  <title>
</title>
<meta http-equiv="Content-Type" content="text/html;charset=utf-8" />
  <meta name='ocr-system' content='tesseract 3.04.00' />
  <meta name='ocr-capabilities' content='ocr_page ocr_carea ocr_par ocr_line ocrx_word'/>
</head>
<body>
  <div class='ocr_page' id='page_1' title='image "arcanacaelestiaq03sweduoft_0041.png"; bbox 0 0 2872 3730; ppageno 0'>
   <div class='ocr_carea' id='block_1_1' title="bbox 566 171 2393 310">
    <p class='ocr_par' dir='ltr' id='par_1_1' title="bbox 566 171 2393 310">
     <span class='ocr_line' id='line_1_1' title="bbox 566 171 2393 310; baseline 0.005 -33"><span class='ocrx_word' id='word_1_1' title='bbox 566 215 921 282; x_wconf 36' lang='lat' dir='ltr'><strong>CAPUT.</strong></span> <span class='ocrx_word' id='word_1_2' title='bbox 962 204 1537 276; x_wconf 79' lang='lat' dir='ltr'>v1GEs1MUM</span> <span class='ocrx_word' id='word_1_3' title='bbox 1590 171 2194 287; x_wconf 78' lang='lat' dir='ltr'>SECUNDUM.</span> <span class='ocrx_word' id='word_1_4' title='bbox 2275 219 2393 310; x_wconf 75' lang='lat' dir='ltr'>v37</span> 
     </span>
    </p>
   </div>
   <div class='ocr_carea' id='block_1_2' title="bbox 315 349 2392 3262">
    <p class='ocr_par' dir='ltr' id='par_1_2' title="bbox 315 349 2386 2281">
     <span class='ocr_line' id='line_1_2' title="bbox 379 349 2382 419; baseline 0.002 -18"><span class='ocrx_word' id='word_1_5' title='bbox 379 352 683 408; x_wconf 78' lang='lat' dir='ltr'>crucifixum3</span> <span class='ocrx_word' id='word_1_6' title='bbox 719 350 811 398; x_wconf 82' lang='lat' dir='ltr'>five</span> <span class='ocrx_word' id='word_1_7' title='bbox 833 349 957 398; x_wconf 90' lang='lat' dir='ltr'>dicas</span> <span class='ocrx_word' id='word_1_8' title='bbox 979 351 1157 398; x_wconf 90' lang='lat' dir='ltr'>Verum</span> <span class='ocrx_word' id='word_1_9' title='bbox 1180 350 1427 407; x_wconf 87' lang='lat' dir='ltr'>Divinum,</span> <span class='ocrx_word' id='word_1_10' title='bbox 1461 350 1554 398; x_wconf 84' lang='lat' dir='ltr'>five</span> <span class='ocrx_word' id='word_1_11' title='bbox 1579 352 1838 401; x_wconf 87' lang='lat' dir='ltr'>Dominum</span> <span class='ocrx_word' id='word_1_12' title='bbox 1871 356 2023 419; x_wconf 88' lang='lat' dir='ltr'>quoad</span> <span class='ocrx_word' id='word_1_13' title='bbox 2046 358 2221 405; x_wconf 81' lang='lat' dir='ltr'>Verum</span> <span class='ocrx_word' id='word_1_14' title='bbox 2248 359 2382 407; x_wconf 82' lang='lat' dir='ltr'>Divi-</span> 
     </span>
     <span class='ocr_line' id='line_1_3' title="bbox 373 416 2376 485; baseline 0.003 -18"><span class='ocrx_word' id='word_1_15' title='bbox 373 435 507 477; x_wconf 90' lang='lat' dir='ltr'>num,</span> <span class='ocrx_word' id='word_1_16' title='bbox 541 417 665 465; x_wconf 88' lang='lat' dir='ltr'>idem</span> <span class='ocrx_word' id='word_1_17' title='bbox 689 416 769 474; x_wconf 92' lang='lat' dir='ltr'>est,</span> <span class='ocrx_word' id='word_1_18' title='bbox 806 433 912 464; x_wconf 88' lang='lat' dir='ltr'>nam</span> <span class='ocrx_word' id='word_1_19' title='bbox 942 418 1176 464; x_wconf 84' lang='lat' dir='ltr'>Dominus</span> <span class='ocrx_word' id='word_1_20' title='bbox 1216 416 1282 463; x_wconf 91' lang='lat' dir='ltr'>est</span> <span class='ocrx_word' id='word_1_21' title='bbox 1317 417 1465 481; x_wconf 89' lang='lat' dir='ltr'>ipsum</span> <span class='ocrx_word' id='word_1_22' title='bbox 1489 418 1687 475; x_wconf 90' lang='lat' dir='ltr'>Verum,</span> <span class='ocrx_word' id='word_1_23' title='bbox 1724 420 1838 467; x_wconf 88' lang='lat' dir='ltr'>ficut</span> <span class='ocrx_word' id='word_1_24' title='bbox 1877 421 1941 468; x_wconf 88' lang='lat' dir='ltr'>est</span> <span class='ocrx_word' id='word_1_25' title='bbox 1979 422 2123 485; x_wconf 87' lang='lat' dir='ltr'>ipsum</span> <span class='ocrx_word' id='word_1_26' title='bbox 2148 424 2376 484; x_wconf 77' lang='lat' dir='ltr'>Verbum,</span> 
     </span>
     <span class='ocr_line' id='line_1_4' title="bbox 371 481 2372 547; baseline 0.003 -15"><span class='ocrx_word' id='word_1_27' title='bbox 371 502 433 533; x_wconf 90' lang='lat' dir='ltr'>n:</span> <span class='ocrx_word' id='word_1_28' title='bbox 461 500 602 534; x_wconf 85' lang='lat'><strong>2011.</strong></span> <span class='ocrx_word' id='word_1_29' title='bbox 629 485 772 532; x_wconf 90' lang='lat'><strong>2016.</strong></span> <span class='ocrx_word' id='word_1_30' title='bbox 799 500 925 547; x_wconf 83' lang='lat'><strong>2533</strong></span> <span class='ocrx_word' id='word_1_31' title='bbox 949 481 981 530; x_wconf 91' lang='lat' dir='ltr'><strong>f.</strong></span> <span class='ocrx_word' id='word_1_32' title='bbox 1042 483 1190 544; x_wconf 92' lang='lat' dir='ltr'>Quod</span> <span class='ocrx_word' id='word_1_33' title='bbox 1212 484 1444 531; x_wconf 85' lang='lat' dir='ltr'>Dominus</span> <span class='ocrx_word' id='word_1_34' title='bbox 1476 486 1605 532; x_wconf 88' lang='lat' dir='ltr'>tertia</span> <span class='ocrx_word' id='word_1_35' title='bbox 1628 485 1702 533; x_wconf 88' lang='lat' dir='ltr'>die</span> <span class='ocrx_word' id='word_1_36' title='bbox 1727 486 2027 545; x_wconf 82' lang='lat' dir='ltr'>resurrexerit,</span> <span class='ocrx_word' id='word_1_37' title='bbox 2064 492 2197 537; x_wconf 87' lang='lat' dir='ltr'>etiam</span> <span class='ocrx_word' id='word_1_38' title='bbox 2224 492 2372 539; x_wconf 89' lang='lat' dir='ltr'>invol-</span> 
     </span>
     <span class='ocr_line' id='line_1_5' title="bbox 369 549 2370 615; baseline 0.003 -18"><span class='ocrx_word' id='word_1_39' title='bbox 369 552 455 607; x_wconf 86' lang='lat' dir='ltr'>vit,</span> <span class='ocrx_word' id='word_1_40' title='bbox 489 549 618 614; x_wconf 93' lang='lat' dir='ltr'>quod</span> <span class='ocrx_word' id='word_1_41' title='bbox 640 550 817 597; x_wconf 87' lang='lat' dir='ltr'>Verum</span> <span class='ocrx_word' id='word_1_42' title='bbox 846 551 1090 607; x_wconf 82' lang='lat' dir='ltr'>Divinum,</span> <span class='ocrx_word' id='word_1_43' title='bbox 1126 553 1200 598; x_wconf 90' lang='lat' dir='ltr'>seu</span> <span class='ocrx_word' id='word_1_44' title='bbox 1225 550 1432 600; x_wconf 88' lang='lat' dir='ltr'>Verbum</span> <span class='ocrx_word' id='word_1_45' title='bbox 1474 551 1626 615; x_wconf 88' lang='lat' dir='ltr'>quoad</span> <span class='ocrx_word' id='word_1_46' title='bbox 1665 550 1838 601; x_wconf 87' lang='lat' dir='ltr'>sensum</span> <span class='ocrx_word' id='word_1_47' title='bbox 1880 554 2126 612; x_wconf 89' lang='lat' dir='ltr'>internum,</span> <span class='ocrx_word' id='word_1_48' title='bbox 2163 556 2277 604; x_wconf 86' lang='lat' dir='ltr'>ficut</span> <span class='ocrx_word' id='word_1_49' title='bbox 2300 559 2370 604; x_wconf 89' lang='lat' dir='ltr'>in-</span> 
     </span>
     <span class='ocr_line' id='line_1_6' title="bbox 368 612 2376 687; baseline 0.003 -23"><span class='ocrx_word' id='word_1_50' title='bbox 368 617 603 665; x_wconf 63' lang='lat' dir='ltr'>telleftum·</span> <span class='ocrx_word' id='word_1_51' title='bbox 623 612 713 663; x_wconf 87' lang='lat' dir='ltr'>fuit</span> <span class='ocrx_word' id='word_1_52' title='bbox 736 618 959 680; x_wconf 78' lang='lat' dir='ltr'>Antiquae</span> <span class='ocrx_word' id='word_1_53' title='bbox 984 616 1217 674; x_wconf 82' lang='lat' dir='ltr'>Ecclefiae,</span> <span class='ocrx_word' id='word_1_54' title='bbox 1254 618 1298 664; x_wconf 92' lang='lat' dir='ltr'>in</span> <span class='ocrx_word' id='word_1_55' title='bbox 1324 617 1714 666; x_wconf 86' lang='lat' dir='ltr'>consummatione</span> <span class='ocrx_word' id='word_1_56' title='bbox 1737 618 1905 679; x_wconf 85' lang='lat' dir='ltr'>saeculi,</span> <span class='ocrx_word' id='word_1_57' title='bbox 1941 638 2048 685; x_wconf 82' lang='lat' dir='ltr'>quae</span> <span class='ocrx_word' id='word_1_58' title='bbox 2086 639 2271 687; x_wconf 91' lang='lat' dir='ltr'>quoque</span> <span class='ocrx_word' id='word_1_59' title='bbox 2311 624 2376 671; x_wconf 89' lang='lat' dir='ltr'>est</span> 
     </span>
     <span class='ocr_line' id='line_1_7' title="bbox 366 683 2374 753; baseline 0.002 -21"><span class='ocrx_word' id='word_1_60' title='bbox 366 684 524 732; x_wconf 87' lang='lat' dir='ltr'>Tertia</span> <span class='ocrx_word' id='word_1_61' title='bbox 545 683 657 739; x_wconf 87' lang='lat' dir='ltr'>dies,</span> <span class='ocrx_word' id='word_1_62' title='bbox 693 699 754 730; x_wconf 88' lang='lat' dir='ltr'>n:</span> <span class='ocrx_word' id='word_1_63' title='bbox 790 687 926 746; x_wconf 84' lang='lat'><strong>1825.</strong></span> <span class='ocrx_word' id='word_1_64' title='bbox 957 689 1102 748; x_wconf 89' lang='lat'><strong>2788,</strong></span> <span class='ocrx_word' id='word_1_65' title='bbox 1153 683 1494 742; x_wconf 87' lang='lat' dir='ltr'>resuscitabitur,</span> <span class='ocrx_word' id='word_1_66' title='bbox 1539 701 1677 749; x_wconf 86' lang='lat' dir='ltr'>quare</span> <span class='ocrx_word' id='word_1_67' title='bbox 1717 686 1885 735; x_wconf 91' lang='lat' dir='ltr'>dicitur</span> <span class='ocrx_word' id='word_1_68' title='bbox 1922 689 2051 752; x_wconf 92' lang='lat' dir='ltr'>quod</span> <span class='ocrx_word' id='word_1_69' title='bbox 2088 704 2197 736; x_wconf 91' lang='lat' dir='ltr'>tunc</span> <span class='ocrx_word' id='word_1_70' title='bbox 2237 706 2374 753; x_wconf 88' lang='lat' dir='ltr'>appa-</span> 
     </span>
     <span class='ocr_line' id='line_1_8' title="bbox 369 749 2371 821; baseline 0.004 -25"><span class='ocrx_word' id='word_1_71' title='bbox 369 749 485 797; x_wconf 90' lang='lat' dir='ltr'>rebit</span> <span class='ocrx_word' id='word_1_72' title='bbox 507 749 650 797; x_wconf 89' lang='lat' dir='ltr'>Filius</span> <span class='ocrx_word' id='word_1_73' title='bbox 686 749 903 815; x_wconf 79' lang='lat' dir='ltr'>hominis,</span> <span class='ocrx_word' id='word_1_74' title='bbox 955 750 1044 798; x_wconf 89' lang='lat' dir='ltr'>hoc</span> <span class='ocrx_word' id='word_1_75' title='bbox 1081 751 1163 808; x_wconf 79' lang='lat' dir='ltr'>est,</span> <span class='ocrx_word' id='word_1_76' title='bbox 1198 751 1376 798; x_wconf 89' lang='lat' dir='ltr'>Verum</span> <span class='ocrx_word' id='word_1_77' title='bbox 1416 752 1663 809; x_wconf 88' lang='lat' dir='ltr'>Divinum,</span> <span class='ocrx_word' id='word_1_78' title='bbox 1700 753 2051 803; x_wconf 77' lang='lat' dir='ltr'>Matth2xx1v:</span> <span class='ocrx_word' id='word_1_79' title='bbox 2082 773 2157 819; x_wconf 88' lang='lat'>30.</span> <span class='ocrx_word' id='word_1_80' title='bbox 2188 772 2264 820; x_wconf 87' lang='lat'><strong>37.</strong></span> <span class='ocrx_word' id='word_1_81' title='bbox 2295 774 2371 821; x_wconf 86' lang='lat'><strong>39.</strong></span> 
     </span>
     <span class='ocr_line' id='line_1_9' title="bbox 367 815 2373 888; baseline 0.003 -25"><span class='ocrx_word' id='word_1_82' title='bbox 367 833 450 877; x_wconf 86' lang='lat'><strong>44.</strong></span> <span class='ocrx_word' id='word_1_83' title='bbox 501 815 664 864; x_wconf 89' lang='lat' dir='ltr'>Marc:</span> <span class='ocrx_word' id='word_1_84' title='bbox 691 833 827 865; x_wconf 85' lang='lat' dir='ltr'><strong>x111:</strong></span> <span class='ocrx_word' id='word_1_85' title='bbox 857 817 933 866; x_wconf 92' lang='grc'><strong>26.</strong></span> <span class='ocrx_word' id='word_1_86' title='bbox 994 817 1129 866; x_wconf 86' lang='lat' dir='ltr'>Luc:</span> <span class='ocrx_word' id='word_1_87' title='bbox 1154 834 1293 866; x_wconf 82' lang='lat' dir='ltr'>xvn:</span> <span class='ocrx_word' id='word_1_88' title='bbox 1322 834 1399 867; x_wconf 89' lang='lat'>22.</span> <span class='ocrx_word' id='word_1_89' title='bbox 1435 835 1511 878; x_wconf 90' lang='lat'>24.</span> <span class='ocrx_word' id='word_1_90' title='bbox 1539 835 1616 882; x_wconf 88' lang='lat'>25.</span> <span class='ocrx_word' id='word_1_91' title='bbox 1645 819 1721 868; x_wconf 87' lang='lat'><strong>26.</strong></span> <span class='ocrx_word' id='word_1_92' title='bbox 1751 837 1828 884; x_wconf 87' lang='lat'><strong>30.</strong></span> <span class='ocrx_word' id='word_1_93' title='bbox 1887 821 2017 887; x_wconf 85' lang='lat' dir='ltr'>Cap:</span> <span class='ocrx_word' id='word_1_94' title='bbox 2042 838 2125 868; x_wconf 77' lang='lat' dir='ltr'>xxl</span> <span class='ocrx_word' id='word_1_95' title='bbox 2150 841 2160 870; x_wconf 93' lang='lat'>:</span> <span class='ocrx_word' id='word_1_96' title='bbox 2190 839 2266 888; x_wconf 88' lang='lat'>27.</span> <span class='ocrx_word' id='word_1_97' title='bbox 2296 824 2373 887; x_wconf 84' lang='lat'><strong>36.</strong></span> 
     </span>
     <span class='ocr_line' id='line_1_10' title="bbox 369 882 2377 955; baseline 0.003 -24"><span class='ocrx_word' id='word_1_98' title='bbox 369 882 519 948; x_wconf 68' lang='lat' dir='ltr'>Quod</span> <span class='ocrx_word' id='word_1_99' title='bbox 555 882 700 931; x_wconf 88' lang='lat' dir='ltr'>Filius</span> <span class='ocrx_word' id='word_1_100' title='bbox 739 882 938 930; x_wconf 88' lang='lat' dir='ltr'>hominis</span> <span class='ocrx_word' id='word_1_101' title='bbox 976 883 1031 932; x_wconf 86' lang='lat' dir='ltr'>lit</span> <span class='ocrx_word' id='word_1_102' title='bbox 1067 886 1299 932; x_wconf 87' lang='lat' dir='ltr'>Dominus</span> <span class='ocrx_word' id='word_1_103' title='bbox 1334 885 1487 948; x_wconf 89' lang='lat' dir='ltr'>quoad</span> <span class='ocrx_word' id='word_1_104' title='bbox 1510 885 1687 955; x_wconf 61' lang='lat' dir='ltr'>Verum</span> <span class='ocrx_word' id='word_1_105' title='bbox 1711 887 1956 944; x_wconf 85' lang='lat' dir='ltr'>Divinum,</span> <span class='ocrx_word' id='word_1_106' title='bbox 1994 905 2051 935; x_wconf 85' lang='lat' dir='ltr'>ex</span> <span class='ocrx_word' id='word_1_107' title='bbox 2084 888 2224 936; x_wconf 84' lang='lat' dir='ltr'>allatis</span> <span class='ocrx_word' id='word_1_108' title='bbox 2266 890 2377 937; x_wconf 87' lang='lat' dir='ltr'>locis</span> 
     </span>
     <span class='ocr_line' id='line_1_11' title="bbox 352 949 2376 1017; baseline 0.003 -20"><span class='ocrx_word' id='word_1_109' title='bbox 352 949 560 1007; x_wconf 78' lang='lat' dir='ltr'>&#39;constat,</span> <span class='ocrx_word' id='word_1_110' title='bbox 595 951 646 997; x_wconf 77' lang='grc' dir='ltr'>ὅτ</span> <span class='ocrx_word' id='word_1_111' title='bbox 670 965 809 1014; x_wconf 91' lang='lat' dir='ltr'>porro</span> <span class='ocrx_word' id='word_1_112' title='bbox 829 951 885 997; x_wconf 91' lang='lat' dir='ltr'>ab</span> <span class='ocrx_word' id='word_1_113' title='bbox 908 951 976 998; x_wconf 91' lang='lat' dir='ltr'>his</span> <span class='ocrx_word' id='word_1_114' title='bbox 997 973 1011 1007; x_wconf 87' lang='lat'>;</span> <span class='ocrx_word' id='word_1_115' title='bbox 1048 951 1171 1015; x_wconf 92' lang='lat' dir='ltr'>apud</span> <span class='ocrx_word' id='word_1_116' title='bbox 1194 950 1496 1007; x_wconf 82' lang='lat' dir='ltr'>Matthaeum‚</span> <span class='ocrx_word' id='word_1_117' title='bbox 1535 956 1569 978; x_wconf 92' lang='lat'><strong>“</strong></span> <span class='ocrx_word' id='word_1_118' title='bbox 1594 952 1695 1017; x_wconf 81' lang='lat' dir='ltr'>Qi</span> <span class='ocrx_word' id='word_1_119' title='bbox 1718 951 1905 1001; x_wconf 89' lang='lat' dir='ltr'>seminat</span> <span class='ocrx_word' id='word_1_120' title='bbox 1938 953 2113 1002; x_wconf 88' lang='lat' dir='ltr'>bonum</span> <span class='ocrx_word' id='word_1_121' title='bbox 2140 955 2288 1003; x_wconf 89' lang='lat' dir='ltr'>semen</span> <span class='ocrx_word' id='word_1_122' title='bbox 2310 956 2376 1004; x_wconf 89' lang='lat' dir='ltr'>est</span> 
     </span>
     <span class='ocr_line' id='line_1_12' title="bbox 371 1016 2376 1080; baseline 0.003 -15"><span class='ocrx_word' id='word_1_123' title='bbox 371 1016 510 1065; x_wconf 87' lang='lat' dir='ltr'>Filius</span> <span class='ocrx_word' id='word_1_124' title='bbox 531 1017 727 1073; x_wconf 88' lang='lat' dir='ltr'>hominis,</span> <span class='ocrx_word' id='word_1_125' title='bbox 763 1033 871 1080; x_wconf 86' lang='lat' dir='ltr'>ager</span> <span class='ocrx_word' id='word_1_126' title='bbox 909 1016 974 1064; x_wconf 90' lang='lat' dir='ltr'>est</span> <span class='ocrx_word' id='word_1_127' title='bbox 1012 1017 1244 1072; x_wconf 55' lang='lat' dir='ltr'>mundusn,</span> <span class='ocrx_word' id='word_1_128' title='bbox 1281 1019 1326 1064; x_wconf 91' lang='lat' dir='ltr'>in</span> <span class='ocrx_word' id='word_1_129' title='bbox 1352 1017 1742 1066; x_wconf 87' lang='lat' dir='ltr'>consummatione</span> <span class='ocrx_word' id='word_1_130' title='bbox 1779 1019 1930 1067; x_wconf 86' lang='lat' dir='ltr'>saeculi</span> <span class='ocrx_word' id='word_1_131' title='bbox 1964 1023 2115 1069; x_wconf 87' lang='lat' dir='ltr'>mittet</span> <span class='ocrx_word' id='word_1_132' title='bbox 2138 1022 2278 1071; x_wconf 86' lang='lat' dir='ltr'>Filius</span> <span class='ocrx_word' id='word_1_133' title='bbox 2300 1023 2376 1071; x_wconf 84' lang='lat' dir='ltr'>ho-</span> 
     </span>
     <span class='ocr_line' id='line_1_13' title="bbox 369 1081 2373 1154; baseline 0.003 -24"><span class='ocrx_word' id='word_1_134' title='bbox 369 1084 494 1131; x_wconf 86' lang='lat' dir='ltr'>minis</span> <span class='ocrx_word' id='word_1_135' title='bbox 516 1083 701 1147; x_wconf 87' lang='lat' dir='ltr'>angelos</span> <span class='ocrx_word' id='word_1_136' title='bbox 734 1081 851 1141; x_wconf 87' lang='lat' dir='ltr'>suos,</span> <span class='ocrx_word' id='word_1_137' title='bbox 887 1084 936 1132; x_wconf 85' lang='lat'>&amp;</span> <span class='ocrx_word' id='word_1_138' title='bbox 962 1083 1147 1148; x_wconf 91' lang='lat' dir='ltr'>colliget</span> <span class='ocrx_word' id='word_1_139' title='bbox 1167 1101 1192 1131; x_wconf 92' lang='lat' dir='ltr'>e</span> <span class='ocrx_word' id='word_1_140' title='bbox 1215 1085 1384 1148; x_wconf 87' lang='lat' dir='ltr'>Regno</span> <span class='ocrx_word' id='word_1_141' title='bbox 1406 1084 1550 1149; x_wconf 88' lang='lat' dir='ltr'>Ipfius</span> <span class='ocrx_word' id='word_1_142' title='bbox 1574 1087 1729 1133; x_wconf 88' lang='lat' dir='ltr'>omnia</span> <span class='ocrx_word' id='word_1_143' title='bbox 1769 1086 2093 1145; x_wconf 49' lang='lat' dir='ltr'>offendicula?</span> <span class='ocrx_word' id='word_1_144' title='bbox 2129 1105 2231 1135; x_wconf 79' lang='lat' dir='ltr'>an</span> <span class='ocrx_word' id='word_1_145' title='bbox 2254 1108 2264 1137; x_wconf 92' lang='lat'><strong>:</strong></span> <span class='ocrx_word' id='word_1_146' title='bbox 2295 1106 2373 1154; x_wconf 87' lang='lat'><strong>37.</strong></span> 
     </span>
     <span class='ocr_line' id='line_1_14' title="bbox 371 1149 2377 1212; baseline 0.002 -14"><span class='ocrx_word' id='word_1_147' title='bbox 371 1166 452 1210; x_wconf 83' lang='lat'><strong>41.</strong></span> <span class='ocrx_word' id='word_1_148' title='bbox 475 1166 559 1211; x_wconf 92' lang='lat'>42,</span> <span class='ocrx_word' id='word_1_149' title='bbox 595 1149 674 1197; x_wconf 91' lang='lat' dir='ltr'>ubi</span> <span class='ocrx_word' id='word_1_150' title='bbox 695 1150 869 1197; x_wconf 89' lang='lat' dir='ltr'>bonum</span> <span class='ocrx_word' id='word_1_151' title='bbox 896 1150 1046 1198; x_wconf 90' lang='lat' dir='ltr'>semen</span> <span class='ocrx_word' id='word_1_152' title='bbox 1086 1150 1150 1198; x_wconf 91' lang='lat' dir='ltr'>est</span> <span class='ocrx_word' id='word_1_153' title='bbox 1174 1151 1368 1208; x_wconf 91' lang='lat' dir='ltr'>Verum,</span> <span class='ocrx_word' id='word_1_154' title='bbox 1406 1151 1608 1198; x_wconf 89' lang='lat' dir='ltr'>mundus</span> <span class='ocrx_word' id='word_1_155' title='bbox 1634 1150 1735 1199; x_wconf 90' lang='lat' dir='ltr'>sunt</span> <span class='ocrx_word' id='word_1_156' title='bbox 1756 1152 1980 1212; x_wconf 88' lang='lat' dir='ltr'>homines,</span> <span class='ocrx_word' id='word_1_157' title='bbox 2017 1155 2235 1202; x_wconf 85' lang='lat' dir='ltr'>seminans</span> <span class='ocrx_word' id='word_1_158' title='bbox 2260 1156 2377 1203; x_wconf 91' lang='lat' dir='ltr'>illud</span> 
     </span>
     <span class='ocr_line' id='line_1_15' title="bbox 371 1215 2374 1282; baseline 0.003 -18"><span class='ocrx_word' id='word_1_159' title='bbox 371 1215 436 1264; x_wconf 87' lang='lat' dir='ltr'>est</span> <span class='ocrx_word' id='word_1_160' title='bbox 474 1216 618 1264; x_wconf 90' lang='lat' dir='ltr'>Filius</span> <span class='ocrx_word' id='word_1_161' title='bbox 657 1215 871 1272; x_wconf 79' lang='lat' dir='ltr'>hominiS,</span> <span class='ocrx_word' id='word_1_162' title='bbox 921 1217 1199 1278; x_wconf 84' lang='lat' dir='ltr'>offendicula</span> <span class='ocrx_word' id='word_1_163' title='bbox 1239 1216 1341 1264; x_wconf 91' lang='lat' dir='ltr'>sunt</span> <span class='ocrx_word' id='word_1_164' title='bbox 1373 1215 1508 1266; x_wconf 81' lang='lat' dir='ltr'>falsa:</span> <span class='ocrx_word' id='word_1_165' title='bbox 1546 1219 1670 1282; x_wconf 91' lang='lat' dir='ltr'>apud</span> <span class='ocrx_word' id='word_1_166' title='bbox 1694 1215 2043 1280; x_wconf 36' lang='lat' dir='ltr'>Johannem,*</span> <span class='ocrx_word' id='word_1_167' title='bbox 2068 1223 2200 1269; x_wconf 89' lang='lat' dir='ltr'>Dixit</span> <span class='ocrx_word' id='word_1_168' title='bbox 2224 1223 2374 1279; x_wconf 88' lang='lat' dir='ltr'>turba,</span> 
     </span>
     <span class='ocr_line' id='line_1_16' title="bbox 315 1282 2378 1353; baseline 0.003 -23"><span class='ocrx_word' id='word_1_169' title='bbox 315 1316 318 1319; x_wconf 19' lang='grc' dir='ltr'><strong>Δ</strong></span> <span class='ocrx_word' id='word_1_170' title='bbox 374 1297 456 1330; x_wconf 90' lang='lat' dir='ltr'>nos</span> <span class='ocrx_word' id='word_1_171' title='bbox 479 1282 742 1329; x_wconf 86' lang='lat' dir='ltr'>audivimus</span> <span class='ocrx_word' id='word_1_172' title='bbox 774 1298 832 1329; x_wconf 93' lang='lat' dir='ltr'>ex</span> <span class='ocrx_word' id='word_1_173' title='bbox 854 1283 1002 1346; x_wconf 88' lang='lat' dir='ltr'>Lege,</span> <span class='ocrx_word' id='word_1_174' title='bbox 1037 1283 1166 1347; x_wconf 91' lang='lat' dir='ltr'>quod</span> <span class='ocrx_word' id='word_1_175' title='bbox 1189 1282 1394 1331; x_wconf 87' lang='lat' dir='ltr'>Christus</span> <span class='ocrx_word' id='word_1_176' title='bbox 1433 1297 1586 1332; x_wconf 87' lang='lat' dir='ltr'>manet</span> <span class='ocrx_word' id='word_1_177' title='bbox 1622 1286 1668 1331; x_wconf 90' lang='lat' dir='ltr'>in</span> <span class='ocrx_word' id='word_1_178' title='bbox 1707 1297 1952 1344; x_wconf 87' lang='lat' dir='ltr'>aeternum‚</span> <span class='ocrx_word' id='word_1_179' title='bbox 1986 1289 2226 1351; x_wconf 88' lang='lat' dir='ltr'>quomodo</span> <span class='ocrx_word' id='word_1_180' title='bbox 2264 1306 2378 1353; x_wconf 87' lang='lat' dir='ltr'>ergo</span> 
     </span>
     <span class='ocr_line' id='line_1_17' title="bbox 373 1348 2381 1419; baseline 0.003 -22"><span class='ocrx_word' id='word_1_181' title='bbox 373 1360 424 1397; x_wconf 89' lang='lat' dir='ltr'>tu</span> <span class='ocrx_word' id='word_1_182' title='bbox 449 1348 579 1405; x_wconf 90' lang='lat' dir='ltr'>dicis,</span> <span class='ocrx_word' id='word_1_183' title='bbox 615 1362 796 1412; x_wconf 91' lang='lat' dir='ltr'>oportet</span> <span class='ocrx_word' id='word_1_184' title='bbox 819 1350 998 1398; x_wconf 82' lang='lat' dir='ltr'>exaltari</span> <span class='ocrx_word' id='word_1_185' title='bbox 1020 1350 1180 1398; x_wconf 85' lang='lat' dir='ltr'>Filium</span> <span class='ocrx_word' id='word_1_186' title='bbox 1213 1350 1415 1407; x_wconf 79' lang='lat' dir='ltr'>hominis,</span> <span class='ocrx_word' id='word_1_187' title='bbox 1444 1351 1546 1414; x_wconf 91' lang='lat' dir='ltr'>quis</span> <span class='ocrx_word' id='word_1_188' title='bbox 1569 1350 1631 1399; x_wconf 87' lang='lat' dir='ltr'>est</span> <span class='ocrx_word' id='word_1_189' title='bbox 1653 1351 1726 1399; x_wconf 90' lang='lat' dir='ltr'>hic</span> <span class='ocrx_word' id='word_1_190' title='bbox 1741 1354 1880 1402; x_wconf 76' lang='lat' dir='ltr'>Pilius</span> <span class='ocrx_word' id='word_1_191' title='bbox 1901 1354 2080 1402; x_wconf 87' lang='lat' dir='ltr'>hominis</span> <span class='ocrx_word' id='word_1_192' title='bbox 2096 1375 2112 1404; x_wconf 94' lang='lat'><strong>.·</strong></span> <span class='ocrx_word' id='word_1_193' title='bbox 2148 1354 2381 1419; x_wconf 88' lang='lat' dir='ltr'>respondit</span> 
     </span>
     <span class='ocr_line' id='line_1_18' title="bbox 374 1414 2379 1484; baseline 0.003 -21"><span class='ocrx_word' id='word_1_194' title='bbox 374 1415 461 1464; x_wconf 93' lang='lat' dir='ltr'>illis</span> <span class='ocrx_word' id='word_1_195' title='bbox 484 1414 631 1477; x_wconf 90' lang='lat' dir='ltr'>Jesus,</span> <span class='ocrx_word' id='word_1_196' title='bbox 669 1414 804 1462; x_wconf 85' lang='lat' dir='ltr'>breve</span> <span class='ocrx_word' id='word_1_197' title='bbox 841 1427 1023 1480; x_wconf 90' lang='lat' dir='ltr'>tempus</span> <span class='ocrx_word' id='word_1_198' title='bbox 1046 1418 1149 1464; x_wconf 85' lang='lat' dir='ltr'>Lux</span> <span class='ocrx_word' id='word_1_199' title='bbox 1186 1415 1425 1465; x_wconf 85' lang='lat' dir='ltr'>vobiscum</span> <span class='ocrx_word' id='word_1_200' title='bbox 1465 1417 1545 1475; x_wconf 90' lang='lat' dir='ltr'>est,</span> <span class='ocrx_word' id='word_1_201' title='bbox 1581 1417 1808 1466; x_wconf 89' lang='lat' dir='ltr'>ambulate</span> <span class='ocrx_word' id='word_1_202' title='bbox 1846 1423 2083 1484; x_wconf 90' lang='lat' dir='ltr'>quousque</span> <span class='ocrx_word' id='word_1_203' title='bbox 2105 1423 2260 1470; x_wconf 78' lang='lat' dir='ltr'>Lucem</span> <span class='ocrx_word' id='word_1_204' title='bbox 2301 1421 2379 1469; x_wconf 88' lang='lat' dir='ltr'>ha-</span> 
     </span>
     <span class='ocr_line' id='line_1_19' title="bbox 375 1480 2382 1547; baseline 0.003 -18"><span class='ocrx_word' id='word_1_205' title='bbox 375 1482 506 1538; x_wconf 91' lang='lat' dir='ltr'>betis,</span> <span class='ocrx_word' id='word_1_206' title='bbox 542 1497 598 1528; x_wconf 90' lang='lat' dir='ltr'>ne</span> <span class='ocrx_word' id='word_1_207' title='bbox 621 1480 819 1529; x_wconf 81' lang='lat' dir='ltr'>tenebrae</span> <span class='ocrx_word' id='word_1_208' title='bbox 841 1497 924 1530; x_wconf 87' lang='lat' dir='ltr'>vos</span> <span class='ocrx_word' id='word_1_209' title='bbox 948 1482 1301 1547; x_wconf 88' lang='lat' dir='ltr'>apprehendant,</span> <span class='ocrx_word' id='word_1_210' title='bbox 1337 1499 1448 1538; x_wconf 80' lang='lat' dir='ltr'>narn</span> <span class='ocrx_word' id='word_1_211' title='bbox 1481 1485 1563 1547; x_wconf 91' lang='lat' dir='ltr'>qui</span> <span class='ocrx_word' id='word_1_212' title='bbox 1601 1483 1805 1544; x_wconf 89' lang='lat' dir='ltr'>ambulat</span> <span class='ocrx_word' id='word_1_213' title='bbox 1844 1488 1891 1533; x_wconf 88' lang='lat' dir='ltr'>in</span> <span class='ocrx_word' id='word_1_214' title='bbox 1925 1486 2136 1545; x_wconf 89' lang='lat' dir='ltr'>tenebris,</span> <span class='ocrx_word' id='word_1_215' title='bbox 2172 1505 2264 1536; x_wconf 92' lang='lat' dir='ltr'>non</span> <span class='ocrx_word' id='word_1_216' title='bbox 2299 1487 2382 1536; x_wconf 85' lang='lat' dir='ltr'>scit</span> 
     </span>
     <span class='ocr_line' id='line_1_20' title="bbox 374 1546 2383 1612; baseline 0.003 -17"><span class='ocrx_word' id='word_1_217' title='bbox 374 1546 595 1612; x_wconf 90' lang='lat' dir='ltr'>quorsum</span> <span class='ocrx_word' id='word_1_218' title='bbox 632 1548 779 1604; x_wconf 79' lang='lat' dir='ltr'>vadit,</span> <span class='ocrx_word' id='word_1_219' title='bbox 829 1549 1066 1610; x_wconf 87' lang='lat' dir='ltr'>quousque</span> <span class='ocrx_word' id='word_1_220' title='bbox 1101 1551 1259 1596; x_wconf 88' lang='lat' dir='ltr'>Lucem</span> <span class='ocrx_word' id='word_1_221' title='bbox 1297 1549 1487 1606; x_wconf 80' lang='lat' dir='ltr'>habetiS,</span> <span class='ocrx_word' id='word_1_222' title='bbox 1535 1551 1706 1598; x_wconf 87' lang='lat' dir='ltr'>credite</span> <span class='ocrx_word' id='word_1_223' title='bbox 1750 1553 1797 1598; x_wconf 91' lang='lat' dir='ltr'>in</span> <span class='ocrx_word' id='word_1_224' title='bbox 1831 1553 2004 1610; x_wconf 86' lang='lat' dir='ltr'>Lucem,</span> <span class='ocrx_word' id='word_1_225' title='bbox 2054 1567 2106 1600; x_wconf 91' lang='lat' dir='ltr'>ut</span> <span class='ocrx_word' id='word_1_226' title='bbox 2143 1555 2224 1601; x_wconf 91' lang='lat' dir='ltr'>filii</span> <span class='ocrx_word' id='word_1_227' title='bbox 2250 1556 2383 1602; x_wconf 85' lang='lat' dir='ltr'>Lucis</span> 
     </span>
     <span class='ocr_line' id='line_1_21' title="bbox 373 1612 2383 1683; baseline 0.003 -22"><span class='ocrx_word' id='word_1_228' title='bbox 373 1614 517 1670; x_wconf 89' lang='lat' dir='ltr'>fitis,”</span> <span class='ocrx_word' id='word_1_229' title='bbox 551 1628 657 1660; x_wconf 77' lang='lat' dir='ltr'>xxx:</span> <span class='ocrx_word' id='word_1_230' title='bbox 686 1630 762 1676; x_wconf 88' lang='lat'>34.</span> <span class='ocrx_word' id='word_1_231' title='bbox 791 1629 886 1676; x_wconf 78' lang='lat'>353</span> <span class='ocrx_word' id='word_1_232' title='bbox 923 1612 1002 1660; x_wconf 93' lang='lat' dir='ltr'>ubi</span> <span class='ocrx_word' id='word_1_233' title='bbox 1041 1629 1151 1661; x_wconf 89' lang='lat' dir='ltr'>curn</span> <span class='ocrx_word' id='word_1_234' title='bbox 1189 1626 1423 1678; x_wconf 80' lang='lat' dir='ltr'>quaerunt,</span> <span class='ocrx_word' id='word_1_235' title='bbox 1458 1616 1562 1679; x_wconf 91' lang='lat' dir='ltr'>quis</span> <span class='ocrx_word' id='word_1_236' title='bbox 1585 1616 1728 1663; x_wconf 88' lang='lat' dir='ltr'>Filius</span> <span class='ocrx_word' id='word_1_237' title='bbox 1751 1617 1965 1674; x_wconf 88' lang='lat' dir='ltr'>hominis,</span> <span class='ocrx_word' id='word_1_238' title='bbox 2002 1619 2230 1683; x_wconf 89' lang='lat' dir='ltr'>respondit</span> <span class='ocrx_word' id='word_1_239' title='bbox 2254 1620 2383 1682; x_wconf 91' lang='lat' dir='ltr'>Jesus</span> 
     </span>
     <span class='ocr_line' id='line_1_22' title="bbox 374 1678 2380 1749; baseline 0.003 -21"><span class='ocrx_word' id='word_1_240' title='bbox 374 1679 432 1728; x_wconf 91' lang='lat' dir='ltr'>de</span> <span class='ocrx_word' id='word_1_241' title='bbox 455 1678 604 1737; x_wconf 90' lang='lat' dir='ltr'>Luce,</span> <span class='ocrx_word' id='word_1_242' title='bbox 639 1695 747 1743; x_wconf 86' lang='lat' dir='ltr'>quae</span> <span class='ocrx_word' id='word_1_243' title='bbox 778 1679 841 1727; x_wconf 91' lang='lat' dir='ltr'>est</span> <span class='ocrx_word' id='word_1_244' title='bbox 865 1680 1059 1738; x_wconf 90' lang='lat' dir='ltr'>Verum,</span> <span class='ocrx_word' id='word_1_245' title='bbox 1094 1681 1145 1728; x_wconf 87' lang='lat'>&amp;</span> <span class='ocrx_word' id='word_1_246' title='bbox 1166 1680 1295 1745; x_wconf 92' lang='lat' dir='ltr'>quod</span> <span class='ocrx_word' id='word_1_247' title='bbox 1318 1679 1418 1746; x_wconf 88' lang='lat' dir='ltr'>Ipse</span> <span class='ocrx_word' id='word_1_248' title='bbox 1441 1681 1495 1729; x_wconf 80' lang='lat' dir='ltr'>sit</span> <span class='ocrx_word' id='word_1_249' title='bbox 1518 1681 1630 1729; x_wconf 90' lang='lat' dir='ltr'>Lux</span> <span class='ocrx_word' id='word_1_250' title='bbox 1662 1681 1735 1730; x_wconf 91' lang='lat' dir='ltr'>seu</span> <span class='ocrx_word' id='word_1_251' title='bbox 1760 1685 1955 1741; x_wconf 89' lang='lat' dir='ltr'>Verum,</span> <span class='ocrx_word' id='word_1_252' title='bbox 1993 1687 2039 1732; x_wconf 91' lang='lat' dir='ltr'>in</span> <span class='ocrx_word' id='word_1_253' title='bbox 2064 1687 2191 1749; x_wconf 88' lang='lat' dir='ltr'>quod</span> <span class='ocrx_word' id='word_1_254' title='bbox 2226 1687 2380 1734; x_wconf 90' lang='lat' dir='ltr'>crede·</span> 
     </span>
     <span class='ocr_line' id='line_1_23' title="bbox 375 1746 2382 1818; baseline 0.003 -23"><span class='ocrx_word' id='word_1_255' title='bbox 375 1757 508 1802; x_wconf 71' lang='lat' dir='ltr'>rent,</span> <span class='ocrx_word' id='word_1_256' title='bbox 565 1747 623 1794; x_wconf 89' lang='lat' dir='ltr'>de</span> <span class='ocrx_word' id='word_1_257' title='bbox 670 1746 817 1804; x_wconf 89' lang='lat' dir='ltr'>Luce,</span> <span class='ocrx_word' id='word_1_258' title='bbox 868 1763 977 1812; x_wconf 89' lang='lat' dir='ltr'>quae</span> <span class='ocrx_word' id='word_1_259' title='bbox 1020 1763 1047 1795; x_wconf 90' lang='lat' dir='ltr'>a</span> <span class='ocrx_word' id='word_1_260' title='bbox 1079 1748 1306 1805; x_wconf 89' lang='lat' dir='ltr'>Domino,</span> <span class='ocrx_word' id='word_1_261' title='bbox 1363 1763 1472 1813; x_wconf 80' lang='lat' dir='ltr'>quae</span> <span class='ocrx_word' id='word_1_262' title='bbox 1528 1748 1593 1796; x_wconf 90' lang='lat' dir='ltr'>est</span> <span class='ocrx_word' id='word_1_263' title='bbox 1637 1750 1869 1798; x_wconf 88' lang='lat' dir='ltr'>Divinum</span> <span class='ocrx_word' id='word_1_264' title='bbox 1915 1751 2090 1818; x_wconf 76' lang='lat' dir='ltr'>Verum</span> <span class='ocrx_word' id='word_1_265' title='bbox 2108 1789 2122 1809; x_wconf 95' lang='lat'>,</span> <span class='ocrx_word' id='word_1_266' title='bbox 2174 1753 2382 1801; x_wconf 83' lang='lat' dir='ltr'>videatur</span> 
     </span>
     <span class='ocr_line' id='line_1_24' title="bbox 376 1815 2381 1881; baseline 0.003 -19"><span class='ocrx_word' id='word_1_267' title='bbox 376 1830 439 1862; x_wconf 87' lang='lat' dir='ltr'>n:</span> <span class='ocrx_word' id='word_1_268' title='bbox 471 1831 610 1878; x_wconf 85' lang='lat'><strong>1503.</strong></span> <span class='ocrx_word' id='word_1_269' title='bbox 637 1830 776 1876; x_wconf 86' lang='lat'><strong>1521.</strong></span> <span class='ocrx_word' id='word_1_270' title='bbox 806 1831 946 1880; x_wconf 88' lang='lat'><strong>1529.</strong></span> <span class='ocrx_word' id='word_1_271' title='bbox 974 1830 1114 1878; x_wconf 86' lang='lat'><strong>1530.</strong></span> <span class='ocrx_word' id='word_1_272' title='bbox 1137 1831 1278 1879; x_wconf 88' lang='lat'><strong>1531.</strong></span> <span class='ocrx_word' id='word_1_273' title='bbox 1304 1815 1427 1881; x_wconf 92' lang='lat'>1619</span> <span class='ocrx_word' id='word_1_274' title='bbox 1453 1815 1509 1863; x_wconf 91' lang='lat' dir='ltr'>ad</span> <span class='ocrx_word' id='word_1_275' title='bbox 1536 1816 1674 1880; x_wconf 89' lang='lat'><strong>1632.</strong></span> <span class='ocrx_word' id='word_1_276' title='bbox 1735 1817 1882 1877; x_wconf 92' lang='lat' dir='ltr'>Quod</span> <span class='ocrx_word' id='word_1_277' title='bbox 1925 1830 2077 1866; x_wconf 89' lang='lat' dir='ltr'>autem</span> <span class='ocrx_word' id='word_1_278' title='bbox 2105 1820 2247 1867; x_wconf 90' lang='lat' dir='ltr'>Filius</span> <span class='ocrx_word' id='word_1_279' title='bbox 2271 1822 2381 1878; x_wconf 93' lang='lat' dir='ltr'>Dei,</span> 
     </span>
     <span class='ocr_line' id='line_1_25' title="bbox 377 1876 2384 1949; baseline 0.003 -22"><span class='ocrx_word' id='word_1_280' title='bbox 377 1876 451 1927; x_wconf 88' lang='lat' dir='ltr'>seu</span> <span class='ocrx_word' id='word_1_281' title='bbox 489 1881 723 1928; x_wconf 91' lang='lat' dir='ltr'>Dominus</span> <span class='ocrx_word' id='word_1_282' title='bbox 760 1882 915 1945; x_wconf 90' lang='lat' dir='ltr'>quoad</span> <span class='ocrx_word' id='word_1_283' title='bbox 961 1883 1144 1930; x_wconf 91' lang='lat' dir='ltr'>Bonum</span> <span class='ocrx_word' id='word_1_284' title='bbox 1190 1883 1237 1929; x_wconf 94' lang='lat' dir='ltr'>in</span> <span class='ocrx_word' id='word_1_285' title='bbox 1276 1882 1505 1931; x_wconf 90' lang='lat' dir='ltr'>Humano</span> <span class='ocrx_word' id='word_1_286' title='bbox 1539 1883 1734 1941; x_wconf 89' lang='lat' dir='ltr'>Divino,</span> <span class='ocrx_word' id='word_1_287' title='bbox 1770 1901 1863 1932; x_wconf 92' lang='lat' dir='ltr'>non</span> <span class='ocrx_word' id='word_1_288' title='bbox 1896 1886 2096 1949; x_wconf 90' lang='lat' dir='ltr'>potuerit</span> <span class='ocrx_word' id='word_1_289' title='bbox 2119 1888 2295 1944; x_wconf 86' lang='lat' dir='ltr'>tentari,</span> <span class='ocrx_word' id='word_1_290' title='bbox 2331 1899 2384 1934; x_wconf 91' lang='lat' dir='ltr'>ut</span> 
     </span>
     <span class='ocr_line' id='line_1_26' title="bbox 378 1945 2384 2018; baseline 0.003 -24"><span class='ocrx_word' id='word_1_291' title='bbox 378 1945 509 2011; x_wconf 88' lang='lat' dir='ltr'>supra</span> <span class='ocrx_word' id='word_1_292' title='bbox 526 1946 726 2004; x_wconf 61' lang='grc'><strong>1116111111,</strong></span> <span class='ocrx_word' id='word_1_293' title='bbox 762 1960 886 2011; x_wconf 88' lang='lat' dir='ltr'>patet</span> <span class='ocrx_word' id='word_1_294' title='bbox 924 1949 1060 1997; x_wconf 90' lang='lat' dir='ltr'>etiam</span> <span class='ocrx_word' id='word_1_295' title='bbox 1094 1965 1119 1996; x_wconf 93' lang='lat' dir='ltr'>a</span> <span class='ocrx_word' id='word_1_296' title='bbox 1142 1947 1350 2012; x_wconf 89' lang='lat' dir='ltr'>responso</span> <span class='ocrx_word' id='word_1_297' title='bbox 1371 1949 1565 2011; x_wconf 87' lang='lat' dir='ltr'>Domini</span> <span class='ocrx_word' id='word_1_298' title='bbox 1603 1949 1661 1996; x_wconf 90' lang='lat' dir='ltr'>ad</span> <span class='ocrx_word' id='word_1_299' title='bbox 1699 1963 1987 2009; x_wconf 89' lang='lat' dir='ltr'>tentatorem,</span> <span class='ocrx_word' id='word_1_300' title='bbox 2023 1954 2144 2015; x_wconf 87' lang='lat' dir='ltr'>apud</span> <span class='ocrx_word' id='word_1_301' title='bbox 2170 1954 2384 2018; x_wconf 87' lang='lat' dir='ltr'>Evange-</span> 
     </span>
     <span class='ocr_line' id='line_1_27' title="bbox 379 2012 2385 2084; baseline 0.003 -24"><span class='ocrx_word' id='word_1_302' title='bbox 379 2012 513 2070; x_wconf 86' lang='lat' dir='ltr'>listas,</span> <span class='ocrx_word' id='word_1_303' title='bbox 550 2018 584 2040; x_wconf 92' lang='lat'><strong>“</strong></span> <span class='ocrx_word' id='word_1_304' title='bbox 605 2015 739 2062; x_wconf 86' lang='lat' dir='ltr'>Dixit</span> <span class='ocrx_word' id='word_1_305' title='bbox 773 2026 984 2072; x_wconf 89' lang='lat' dir='ltr'>tentator,</span> <span class='ocrx_word' id='word_1_306' title='bbox 1020 2015 1055 2062; x_wconf 86' lang='lat' dir='ltr'>fi</span> <span class='ocrx_word' id='word_1_307' title='bbox 1079 2015 1215 2063; x_wconf 86' lang='lat' dir='ltr'>Filius</span> <span class='ocrx_word' id='word_1_308' title='bbox 1242 2033 1284 2063; x_wconf 90' lang='lat' dir='ltr'>es</span> <span class='ocrx_word' id='word_1_309' title='bbox 1306 2017 1411 2073; x_wconf 81' lang='lat' dir='ltr'>Dei,</span> <span class='ocrx_word' id='word_1_310' title='bbox 1448 2017 1580 2064; x_wconf 85' lang='lat' dir='ltr'>mitte</span> <span class='ocrx_word' id='word_1_311' title='bbox 1600 2017 1674 2064; x_wconf 92' lang='lat' dir='ltr'>Te</span> <span class='ocrx_word' id='word_1_312' title='bbox 1706 2017 1863 2081; x_wconf 91' lang='lat' dir='ltr'>Ipsum</span> <span class='ocrx_word' id='word_1_313' title='bbox 1900 2018 2128 2076; x_wconf 87' lang='lat' dir='ltr'>deorsum,</span> <span class='ocrx_word' id='word_1_314' title='bbox 2164 2018 2385 2084; x_wconf 89' lang='lat' dir='ltr'>scripturn</span> 
     </span>
     <span class='ocr_line' id='line_1_28' title="bbox 332 2078 2386 2151; baseline 0.003 -23"><span class='ocrx_word' id='word_1_315' title='bbox 332 2122 338 2128; x_wconf 66' lang='grc'>,</span> <span class='ocrx_word' id='word_1_316' title='bbox 377 2081 501 2127; x_wconf 89' lang='lat' dir='ltr'>enim</span> <span class='ocrx_word' id='word_1_317' title='bbox 524 2078 604 2138; x_wconf 91' lang='lat' dir='ltr'>est,</span> <span class='ocrx_word' id='word_1_318' title='bbox 641 2081 836 2145; x_wconf 88' lang='lat' dir='ltr'>Angelis</span> <span class='ocrx_word' id='word_1_319' title='bbox 874 2081 960 2130; x_wconf 92' lang='lat' dir='ltr'>suis</span> <span class='ocrx_word' id='word_1_320' title='bbox 999 2083 1234 2146; x_wconf 85' lang='lat' dir='ltr'>praecipiet</span> <span class='ocrx_word' id='word_1_321' title='bbox 1267 2082 1324 2130; x_wconf 89' lang='lat' dir='ltr'>de</span> <span class='ocrx_word' id='word_1_322' title='bbox 1348 2083 1439 2140; x_wconf 88' lang='lat' dir='ltr'>Te,</span> <span class='ocrx_word' id='word_1_323' title='bbox 1475 2099 1532 2130; x_wconf 92' lang='lat' dir='ltr'>ne</span> <span class='ocrx_word' id='word_1_324' title='bbox 1553 2080 1669 2131; x_wconf 91' lang='lat' dir='ltr'>forte</span> <span class='ocrx_word' id='word_1_325' title='bbox 1692 2083 1901 2132; x_wconf 86' lang='lat' dir='ltr'>offendas</span> <span class='ocrx_word' id='word_1_326' title='bbox 1918 2085 1974 2132; x_wconf 93' lang='lat' dir='ltr'>ad</span> <span class='ocrx_word' id='word_1_327' title='bbox 1995 2086 2196 2149; x_wconf 84' lang='lat' dir='ltr'>lapidem</span> <span class='ocrx_word' id='word_1_328' title='bbox 2221 2087 2386 2151; x_wconf 89' lang='lat' dir='ltr'>pedem</span> 
     </span>
     <span class='ocr_line' id='line_1_29' title="bbox 379 2147 2386 2214; baseline 0.004 -20"><span class='ocrx_word' id='word_1_329' title='bbox 379 2158 546 2195; x_wconf 88' lang='lat' dir='ltr'>tuum:</span> <span class='ocrx_word' id='word_1_330' title='bbox 595 2147 714 2195; x_wconf 86' lang='lat' dir='ltr'>dixit</span> <span class='ocrx_word' id='word_1_331' title='bbox 750 2148 815 2194; x_wconf 92' lang='lat' dir='ltr'>illi</span> <span class='ocrx_word' id='word_1_332' title='bbox 853 2148 999 2210; x_wconf 88' lang='lat' dir='ltr'>Jesus,</span> <span class='ocrx_word' id='word_1_333' title='bbox 1052 2150 1218 2196; x_wconf 89' lang='lat' dir='ltr'>iterum</span> <span class='ocrx_word' id='word_1_334' title='bbox 1264 2148 1483 2214; x_wconf 90' lang='lat' dir='ltr'>scriptum</span> <span class='ocrx_word' id='word_1_335' title='bbox 1529 2149 1611 2208; x_wconf 92' lang='lat' dir='ltr'>est,</span> <span class='ocrx_word' id='word_1_336' title='bbox 1659 2166 1744 2198; x_wconf 82' lang='lat' dir='ltr'>non</span> <span class='ocrx_word' id='word_1_337' title='bbox 1779 2153 1964 2200; x_wconf 85' lang='lat' dir='ltr'>tentabis</span> <span class='ocrx_word' id='word_1_338' title='bbox 1989 2153 2218 2201; x_wconf 85' lang='lat' dir='ltr'>Dominum</span> <span class='ocrx_word' id='word_1_339' title='bbox 2243 2154 2386 2202; x_wconf 81' lang='lat' dir='ltr'>Deum</span> 
     </span>
     <span class='ocr_line' id='line_1_30' title="bbox 379 2214 1682 2281; baseline 0.004 -21"><span class='ocrx_word' id='word_1_340' title='bbox 379 2214 549 2271; x_wconf 85' lang='lat' dir='ltr'>tuum,”</span> <span class='ocrx_word' id='word_1_341' title='bbox 584 2214 769 2262; x_wconf 88' lang='lat' dir='ltr'>Matth:</span> <span class='ocrx_word' id='word_1_342' title='bbox 796 2231 882 2264; x_wconf 76' lang='lat' dir='ltr'>lv:</span> <span class='ocrx_word' id='word_1_343' title='bbox 908 2217 952 2264; x_wconf 92' lang='lat'>6.</span> <span class='ocrx_word' id='word_1_344' title='bbox 982 2232 1025 2279; x_wconf 93' lang='lat'>7.</span> <span class='ocrx_word' id='word_1_345' title='bbox 1062 2217 1198 2264; x_wconf 90' lang='lat' dir='ltr'>Luc:</span> <span class='ocrx_word' id='word_1_346' title='bbox 1228 2232 1315 2264; x_wconf 74' lang='lat' dir='ltr'>xv:</span> <span class='ocrx_word' id='word_1_347' title='bbox 1343 2234 1390 2281; x_wconf 93' lang='lat'>9.</span> <span class='ocrx_word' id='word_1_348' title='bbox 1416 2233 1489 2265; x_wconf 90' lang='lat'><strong>10.</strong></span> <span class='ocrx_word' id='word_1_349' title='bbox 1516 2235 1587 2266; x_wconf 90' lang='lat'><strong>11.</strong></span> <span class='ocrx_word' id='word_1_350' title='bbox 1610 2235 1682 2267; x_wconf 88' lang='lat'>12.</span> 
     </span>
    </p>

    <p class='ocr_par' dir='ltr' id='par_1_3' title="bbox 382 2280 2388 2611">
     <span class='ocr_line' id='line_1_31' title="bbox 451 2280 2383 2352; baseline 0.003 -23"><span class='ocrx_word' id='word_1_351' title='bbox 451 2284 593 2340; x_wconf 89' lang='lat'><strong>2814.</strong></span> <span class='ocrx_word' id='word_1_352' title='bbox 630 2281 696 2328; x_wconf 90' lang='lat' dir='ltr'>Et</span> <span class='ocrx_word' id='word_1_353' title='bbox 731 2280 882 2345; x_wconf 90' lang='lat' dir='ltr'>posuit</span> <span class='ocrx_word' id='word_1_354' title='bbox 919 2282 1054 2330; x_wconf 91' lang='lat' dir='ltr'>illum</span> <span class='ocrx_word' id='word_1_355' title='bbox 1090 2282 1220 2347; x_wconf 81' lang='lat' dir='ltr'>super</span> <span class='ocrx_word' id='word_1_356' title='bbox 1254 2282 1375 2330; x_wconf 87' lang='lat' dir='ltr'>altari</span> <span class='ocrx_word' id='word_1_357' title='bbox 1414 2282 1605 2347; x_wconf 88' lang='lat' dir='ltr'>desuper</span> <span class='ocrx_word' id='word_1_358' title='bbox 1628 2284 1768 2348; x_wconf 89' lang='lat' dir='ltr'>ligna,</span> <span class='ocrx_word' id='word_1_359' title='bbox 1802 2285 1929 2349; x_wconf 91' lang='lat' dir='ltr'>quod</span> <span class='ocrx_word' id='word_1_360' title='bbox 1962 2286 2184 2352; x_wconf 85' lang='lat' dir='ltr'>fignificet</span> <span class='ocrx_word' id='word_1_361' title='bbox 2205 2288 2250 2334; x_wconf 92' lang='lat' dir='ltr'>in</span> <span class='ocrx_word' id='word_1_362' title='bbox 2275 2286 2383 2334; x_wconf 89' lang='lat' dir='ltr'>Hu-</span> 
     </span>
     <span class='ocr_line' id='line_1_32' title="bbox 385 2348 2385 2416; baseline 0.005 -26"><span class='ocrx_word' id='word_1_363' title='bbox 385 2359 522 2391; x_wconf 87' lang='lat' dir='ltr'>mano</span> <span class='ocrx_word' id='word_1_364' title='bbox 559 2348 737 2394; x_wconf 85' lang='lat' dir='ltr'>Divino</span> <span class='ocrx_word' id='word_1_365' title='bbox 775 2349 865 2395; x_wconf 91' lang='lat' dir='ltr'>Cui</span> <span class='ocrx_word' id='word_1_366' title='bbox 891 2349 1088 2410; x_wconf 88' lang='lat' dir='ltr'>Justitia,</span> <span class='ocrx_word' id='word_1_367' title='bbox 1122 2349 1299 2397; x_wconf 85' lang='lat' dir='ltr'>constat</span> <span class='ocrx_word' id='word_1_368' title='bbox 1337 2363 1395 2396; x_wconf 86' lang='lat' dir='ltr'>ex</span> <span class='ocrx_word' id='word_1_369' title='bbox 1433 2349 1760 2413; x_wconf 72' lang='lat' dir='ltr'>significatione</span> <span class='ocrx_word' id='word_1_370' title='bbox 1784 2352 1976 2409; x_wconf 87' lang='lat' dir='ltr'>Altaris,</span> <span class='ocrx_word' id='word_1_371' title='bbox 2012 2354 2139 2416; x_wconf 90' lang='lat' dir='ltr'>quod</span> <span class='ocrx_word' id='word_1_372' title='bbox 2173 2354 2227 2400; x_wconf 89' lang='lat' dir='ltr'>fit</span> <span class='ocrx_word' id='word_1_373' title='bbox 2249 2355 2385 2400; x_wconf 89' lang='lat' dir='ltr'>Divi-</span> 
     </span>
     <span class='ocr_line' id='line_1_33' title="bbox 384 2409 2385 2480; baseline 0.004 -23"><span class='ocrx_word' id='word_1_374' title='bbox 384 2425 498 2457; x_wconf 89' lang='lat' dir='ltr'>num</span> <span class='ocrx_word' id='word_1_375' title='bbox 532 2409 813 2457; x_wconf 89' lang='lat' dir='ltr'>Humanum</span> <span class='ocrx_word' id='word_1_376' title='bbox 834 2414 1047 2468; x_wconf 85' lang='lat' dir='ltr'>Domini,</span> <span class='ocrx_word' id='word_1_377' title='bbox 1083 2415 1140 2461; x_wconf 91' lang='lat' dir='ltr'>de</span> <span class='ocrx_word' id='word_1_378' title='bbox 1162 2430 1254 2476; x_wconf 90' lang='lat' dir='ltr'>qua</span> <span class='ocrx_word' id='word_1_379' title='bbox 1287 2430 1400 2460; x_wconf 86' lang='lat' dir='ltr'>mox</span> <span class='ocrx_word' id='word_1_380' title='bbox 1438 2414 1584 2478; x_wconf 88' lang='lat' dir='ltr'>supra,</span> <span class='ocrx_word' id='word_1_381' title='bbox 1621 2433 1678 2463; x_wconf 90' lang='lat' dir='ltr'>n:</span> <span class='ocrx_word' id='word_1_382' title='bbox 1704 2422 1825 2466; x_wconf 88' lang='lat'><strong>2811</strong></span> <span class='ocrx_word' id='word_1_383' title='bbox 1851 2440 1866 2472; x_wconf 89' lang='lat'>;</span> <span class='ocrx_word' id='word_1_384' title='bbox 1903 2419 1951 2464; x_wconf 77' lang='grc' dir='ltr'>δε</span> <span class='ocrx_word' id='word_1_385' title='bbox 1975 2434 2032 2464; x_wconf 88' lang='lat' dir='ltr'>ex</span> <span class='ocrx_word' id='word_1_386' title='bbox 2055 2419 2385 2480; x_wconf 80' lang='lat' dir='ltr'>fignificationc</span> 
     </span>
     <span class='ocr_line' id='line_1_34' title="bbox 383 2475 2388 2549; baseline 0.006 -28"><span class='ocrx_word' id='word_1_387' title='bbox 383 2476 616 2539; x_wconf 85' lang='lat' dir='ltr'>lignorum</span> <span class='ocrx_word' id='word_1_388' title='bbox 656 2475 924 2533; x_wconf 90' lang='lat' dir='ltr'>holocausti,</span> <span class='ocrx_word' id='word_1_389' title='bbox 973 2478 1102 2541; x_wconf 91' lang='lat' dir='ltr'>quod</span> <span class='ocrx_word' id='word_1_390' title='bbox 1143 2479 1229 2525; x_wconf 83' lang='lat' dir='ltr'>sint</span> <span class='ocrx_word' id='word_1_391' title='bbox 1267 2481 1482 2526; x_wconf 89' lang='lat' dir='ltr'>meritum</span> <span class='ocrx_word' id='word_1_392' title='bbox 1514 2478 1721 2542; x_wconf 80' lang='lat' dir='ltr'>justitiae,</span> <span class='ocrx_word' id='word_1_393' title='bbox 1758 2482 1815 2528; x_wconf 90' lang='lat' dir='ltr'>de</span> <span class='ocrx_word' id='word_1_394' title='bbox 1847 2497 1938 2544; x_wconf 87' lang='lat' dir='ltr'>qua</span> <span class='ocrx_word' id='word_1_395' title='bbox 1977 2499 2038 2530; x_wconf 89' lang='lat' dir='ltr'>n:</span> <span class='ocrx_word' id='word_1_396' title='bbox 2067 2489 2209 2547; x_wconf 88' lang='lat'><strong>2784.</strong></span> <span class='ocrx_word' id='word_1_397' title='bbox 2239 2490 2388 2549; x_wconf 78' lang='lat'><strong>2798.</strong></span> 
     </span>
     <span class='ocr_line' id='line_1_35' title="bbox 382 2541 2388 2611; baseline 0.003 -19"><span class='ocrx_word' id='word_1_398' title='bbox 382 2547 524 2592; x_wconf 87' lang='lat'><strong>2812.</strong></span> <span class='ocrx_word' id='word_1_399' title='bbox 560 2541 738 2588; x_wconf 86' lang='lat' dir='ltr'>Verum</span> <span class='ocrx_word' id='word_1_400' title='bbox 761 2542 989 2592; x_wconf 86' lang='lat' dir='ltr'>Divinum</span> <span class='ocrx_word' id='word_1_401' title='bbox 1013 2545 1060 2590; x_wconf 89' lang='lat' dir='ltr'>in</span> <span class='ocrx_word' id='word_1_402' title='bbox 1080 2545 1308 2592; x_wconf 91' lang='lat' dir='ltr'>Humano</span> <span class='ocrx_word' id='word_1_403' title='bbox 1333 2546 1507 2592; x_wconf 85' lang='lat' dir='ltr'>Divino</span> <span class='ocrx_word' id='word_1_404' title='bbox 1529 2547 1741 2604; x_wconf 91' lang='lat' dir='ltr'>Domini,</span> <span class='ocrx_word' id='word_1_405' title='bbox 1776 2548 1904 2611; x_wconf 85' lang='lat' dir='ltr'>quod</span> <span class='ocrx_word' id='word_1_406' title='bbox 1927 2551 2194 2596; x_wconf 89' lang='lat' dir='ltr'>tentationes</span> <span class='ocrx_word' id='word_1_407' title='bbox 2233 2550 2388 2607; x_wconf 85' lang='lat' dir='ltr'>subiit,</span> 
     </span>
    </p>

    <p class='ocr_par' dir='ltr' id='par_1_4' title="bbox 335 2604 2390 3144">
     <span class='ocr_line' id='line_1_36' title="bbox 335 2604 2383 2679; baseline 0.004 -23"><span class='ocrx_word' id='word_1_408' title='bbox 335 2662 345 2671; x_wconf 43' lang='grc'><strong>,</strong></span> <span class='ocrx_word' id='word_1_409' title='bbox 382 2608 440 2657; x_wconf 89' lang='lat' dir='ltr'>de</span> <span class='ocrx_word' id='word_1_410' title='bbox 471 2604 578 2673; x_wconf 61' lang='lat' dir='ltr'>q&#39;uo‘</span> <span class='ocrx_word' id='word_1_411' title='bbox 599 2609 771 2665; x_wconf 66' lang='lat' dir='ltr'>astum,</span> <span class='ocrx_word' id='word_1_412' title='bbox 806 2625 900 2656; x_wconf 91' lang='lat' dir='ltr'>non</span> <span class='ocrx_word' id='word_1_413' title='bbox 923 2608 987 2656; x_wconf 80' lang='lat' dir='ltr'>e&#39;st</span> <span class='ocrx_word' id='word_1_414' title='bbox 1010 2607 1160 2672; x_wconf 90' lang='lat' dir='ltr'>ipsum</span> <span class='ocrx_word' id='word_1_415' title='bbox 1181 2611 1412 2659; x_wconf 87' lang='lat' dir='ltr'>Divinum</span> <span class='ocrx_word' id='word_1_416' title='bbox 1433 2612 1631 2669; x_wconf 86' lang='lat' dir='ltr'>Verum,</span> <span class='ocrx_word' id='word_1_417' title='bbox 1666 2612 1755 2660; x_wconf 93' lang='lat' dir='ltr'>hoc</span> <span class='ocrx_word' id='word_1_418' title='bbox 1788 2617 1910 2661; x_wconf 89' lang='lat' dir='ltr'>enim</span> <span class='ocrx_word' id='word_1_419' title='bbox 1945 2614 2007 2661; x_wconf 91' lang='lat' dir='ltr'>est</span> <span class='ocrx_word' id='word_1_420' title='bbox 2036 2615 2166 2679; x_wconf 89' lang='lat' dir='ltr'>supra</span> <span class='ocrx_word' id='word_1_421' title='bbox 2194 2633 2383 2664; x_wconf 86' lang='lat' dir='ltr'>ornnem</span> 
     </span>
     <span class='ocr_line' id='line_1_37' title="bbox 382 2674 2386 2747; baseline 0.003 -23"><span class='ocrx_word' id='word_1_422' title='bbox 382 2677 710 2731; x_wconf 77' lang='lat' dir='ltr'>tentatIOnem3</span> <span class='ocrx_word' id='word_1_423' title='bbox 746 2674 821 2722; x_wconf 88' lang='lat' dir='ltr'>sed</span> <span class='ocrx_word' id='word_1_424' title='bbox 848 2675 914 2723; x_wconf 90' lang='lat' dir='ltr'>est</span> <span class='ocrx_word' id='word_1_425' title='bbox 936 2677 1111 2724; x_wconf 89' lang='lat' dir='ltr'>Verum</span> <span class='ocrx_word' id='word_1_426' title='bbox 1152 2675 1380 2735; x_wconf 82' lang='lat' dir='ltr'>rationale,</span> <span class='ocrx_word' id='word_1_427' title='bbox 1415 2677 1550 2741; x_wconf 87' lang='lat' dir='ltr'>quale</span> <span class='ocrx_word' id='word_1_428' title='bbox 1578 2677 1643 2725; x_wconf 91' lang='lat' dir='ltr'>est</span> <span class='ocrx_word' id='word_1_429' title='bbox 1666 2680 1878 2743; x_wconf 79' lang='lat' dir='ltr'>AngeliS,</span> <span class='ocrx_word' id='word_1_430' title='bbox 1915 2680 2152 2729; x_wconf 75' lang='lat' dir='ltr'>consistens</span> <span class='ocrx_word' id='word_1_431' title='bbox 2177 2685 2222 2730; x_wconf 90' lang='lat' dir='ltr'>in</span> <span class='ocrx_word' id='word_1_432' title='bbox 2248 2700 2386 2747; x_wconf 86' lang='lat' dir='ltr'>appa-</span> 
     </span>
     <span class='ocr_line' id='line_1_38' title="bbox 383 2740 2386 2810; baseline 0.004 -21"><span class='ocrx_word' id='word_1_433' title='bbox 383 2743 537 2792; x_wconf 86' lang='lat' dir='ltr'>rentiis</span> <span class='ocrx_word' id='word_1_434' title='bbox 559 2742 671 2798; x_wconf 89' lang='lat' dir='ltr'>veri,</span> <span class='ocrx_word' id='word_1_435' title='bbox 708 2743 757 2789; x_wconf 85' lang='lat'>&amp;</span> <span class='ocrx_word' id='word_1_436' title='bbox 781 2741 846 2789; x_wconf 90' lang='lat' dir='ltr'>est</span> <span class='ocrx_word' id='word_1_437' title='bbox 867 2740 994 2806; x_wconf 87' lang='lat' dir='ltr'>quod</span> <span class='ocrx_word' id='word_1_438' title='bbox 1018 2755 1212 2791; x_wconf 85' lang='lat' dir='ltr'>vocatur</span> <span class='ocrx_word' id='word_1_439' title='bbox 1234 2743 1377 2792; x_wconf 90' lang='lat' dir='ltr'>Filius</span> <span class='ocrx_word' id='word_1_440' title='bbox 1400 2743 1598 2792; x_wconf 90' lang='lat' dir='ltr'>hominis</span> <span class='ocrx_word' id='word_1_441' title='bbox 1630 2744 1704 2792; x_wconf 87' lang='lat' dir='ltr'>sed</span> <span class='ocrx_word' id='word_1_442' title='bbox 1726 2759 1827 2794; x_wconf 89' lang='lat' dir='ltr'>ante</span> <span class='ocrx_word' id='word_1_443' title='bbox 1850 2747 2227 2810; x_wconf 70' lang='lat' dir='ltr'>glorificationem</span> <span class='ocrx_word' id='word_1_444' title='bbox 2250 2772 2263 2806; x_wconf 77' lang='lat'><em>3</em></span> <span class='ocrx_word' id='word_1_445' title='bbox 2301 2752 2386 2797; x_wconf 90' lang='lat' dir='ltr'>Di-</span> 
     </span>
     <span class='ocr_line' id='line_1_39' title="bbox 383 2809 2384 2881; baseline 0.003 -25"><span class='ocrx_word' id='word_1_446' title='bbox 383 2810 548 2856; x_wconf 86' lang='lat' dir='ltr'>vinum</span> <span class='ocrx_word' id='word_1_447' title='bbox 587 2821 743 2856; x_wconf 86' lang='lat' dir='ltr'>autem</span> <span class='ocrx_word' id='word_1_448' title='bbox 774 2809 968 2856; x_wconf 22' lang='lat' dir='ltr'>Verum.</span> <span class='ocrx_word' id='word_1_449' title='bbox 991 2810 1039 2856; x_wconf 91' lang='lat' dir='ltr'>in</span> <span class='ocrx_word' id='word_1_450' title='bbox 1074 2810 1252 2858; x_wconf 85' lang='lat' dir='ltr'>Divino</span> <span class='ocrx_word' id='word_1_451' title='bbox 1275 2811 1505 2859; x_wconf 85' lang='lat' dir='ltr'>Humano</span> <span class='ocrx_word' id='word_1_452' title='bbox 1531 2812 1727 2859; x_wconf 88' lang='lat' dir='ltr'>Domini</span> <span class='ocrx_word' id='word_1_453' title='bbox 1763 2813 2035 2876; x_wconf 86' lang='lat' dir='ltr'>glorificato,</span> <span class='ocrx_word' id='word_1_454' title='bbox 2071 2815 2135 2862; x_wconf 91' lang='lat' dir='ltr'>est</span> <span class='ocrx_word' id='word_1_455' title='bbox 2157 2815 2286 2880; x_wconf 88' lang='lat' dir='ltr'>supra</span> <span class='ocrx_word' id='word_1_456' title='bbox 2307 2833 2384 2881; x_wconf 83' lang='lat' dir='ltr'>ap·</span> 
     </span>
     <span class='ocr_line' id='line_1_40' title="bbox 384 2874 2390 2944; baseline 0.004 -22"><span class='ocrx_word' id='word_1_457' title='bbox 384 2877 623 2941; x_wconf 89' lang='lat' dir='ltr'>parentias,</span> <span class='ocrx_word' id='word_1_458' title='bbox 660 2891 743 2922; x_wconf 90' lang='lat' dir='ltr'>nec</span> <span class='ocrx_word' id='word_1_459' title='bbox 766 2874 956 2939; x_wconf 89' lang='lat' dir='ltr'>usquam</span> <span class='ocrx_word' id='word_1_460' title='bbox 978 2876 1036 2924; x_wconf 88' lang='lat' dir='ltr'>ad</span> <span class='ocrx_word' id='word_1_461' title='bbox 1059 2876 1258 2940; x_wconf 90' lang='lat' dir='ltr'>aliquem</span> <span class='ocrx_word' id='word_1_462' title='bbox 1279 2877 1578 2935; x_wconf 68' lang='lat' dir='ltr'>intellectum,</span> <span class='ocrx_word' id='word_1_463' title='bbox 1616 2879 1768 2926; x_wconf 89' lang='lat' dir='ltr'>minus</span> <span class='ocrx_word' id='word_1_464' title='bbox 1784 2880 1842 2927; x_wconf 91' lang='lat' dir='ltr'>ad</span> <span class='ocrx_word' id='word_1_465' title='bbox 1866 2893 2053 2944; x_wconf 89' lang='lat' dir='ltr'>captum</span> <span class='ocrx_word' id='word_1_466' title='bbox 2079 2882 2290 2939; x_wconf 86' lang='lat' dir='ltr'>hominis,</span> <span class='ocrx_word' id='word_1_467' title='bbox 2328 2900 2390 2930; x_wconf 91' lang='lat' dir='ltr'>ne</span> 
     </span>
     <span class='ocr_line' id='line_1_41' title="bbox 386 2940 2384 3011; baseline 0.004 -23"><span class='ocrx_word' id='word_1_468' title='bbox 386 2942 576 3006; x_wconf 87' lang='lat' dir='ltr'>quidem</span> <span class='ocrx_word' id='word_1_469' title='bbox 615 2940 673 2989; x_wconf 86' lang='lat' dir='ltr'>ad</span> <span class='ocrx_word' id='word_1_470' title='bbox 696 2941 1006 3005; x_wconf 88' lang='lat' dir='ltr'>Angelorum,</span> <span class='ocrx_word' id='word_1_471' title='bbox 1041 2944 1194 2991; x_wconf 86' lang='lat' dir='ltr'>venire</span> <span class='ocrx_word' id='word_1_472' title='bbox 1234 2943 1396 3008; x_wconf 90' lang='lat' dir='ltr'>potest,</span> <span class='ocrx_word' id='word_1_473' title='bbox 1433 2946 1495 2992; x_wconf 88' lang='lat' dir='ltr'>ita</span> <span class='ocrx_word' id='word_1_474' title='bbox 1526 2945 1748 3009; x_wconf 87' lang='lat' dir='ltr'>nusquam</span> <span class='ocrx_word' id='word_1_475' title='bbox 1789 2947 1847 2993; x_wconf 90' lang='lat' dir='ltr'>ad</span> <span class='ocrx_word' id='word_1_476' title='bbox 1886 2948 2057 3011; x_wconf 88' lang='lat' dir='ltr'>aliquid</span> <span class='ocrx_word' id='word_1_477' title='bbox 2091 2951 2384 3005; x_wconf 76' lang='lat' dir='ltr'>tentationi83</span> 
     </span>
     <span class='ocr_line' id='line_1_42' title="bbox 379 3008 2387 3074; baseline 0.003 -18"><span class='ocrx_word' id='word_1_478' title='bbox 379 3020 571 3072; x_wconf 77' lang='lat' dir='ltr'>apparet</span> <span class='ocrx_word' id='word_1_479' title='bbox 610 3009 659 3055; x_wconf 92' lang='lat' dir='ltr'>in</span> <span class='ocrx_word' id='word_1_480' title='bbox 695 3008 825 3056; x_wconf 86' lang='lat' dir='ltr'>coelis</span> <span class='ocrx_word' id='word_1_481' title='bbox 866 3022 919 3057; x_wconf 92' lang='lat' dir='ltr'>ut</span> <span class='ocrx_word' id='word_1_482' title='bbox 949 3009 1061 3056; x_wconf 88' lang='lat' dir='ltr'>Lux</span> <span class='ocrx_word' id='word_1_483' title='bbox 1098 3026 1206 3074; x_wconf 89' lang='lat' dir='ltr'>quae</span> <span class='ocrx_word' id='word_1_484' title='bbox 1244 3026 1270 3057; x_wconf 93' lang='lat' dir='ltr'>a</span> <span class='ocrx_word' id='word_1_485' title='bbox 1290 3011 1514 3059; x_wconf 91' lang='lat' dir='ltr'>Domino.</span> <span class='ocrx_word' id='word_1_486' title='bbox 1588 3013 1660 3059; x_wconf 92' lang='lat' dir='ltr'>De</span> <span class='ocrx_word' id='word_1_487' title='bbox 1685 3013 1857 3060; x_wconf 87' lang='lat' dir='ltr'>Divino</span> <span class='ocrx_word' id='word_1_488' title='bbox 1884 3013 1971 3060; x_wconf 94' lang='lat' dir='ltr'>hoc</span> <span class='ocrx_word' id='word_1_489' title='bbox 1994 3015 2135 3071; x_wconf 89' lang='lat' dir='ltr'>Vero,</span> <span class='ocrx_word' id='word_1_490' title='bbox 2171 3015 2241 3062; x_wconf 89' lang='lat' dir='ltr'>seu</span> <span class='ocrx_word' id='word_1_491' title='bbox 2267 3016 2387 3062; x_wconf 81' lang='lat' dir='ltr'>Pilio</span> 
     </span>
     <span class='ocr_line' id='line_1_43' title="bbox 388 3074 2390 3144; baseline 0.003 -23"><span class='ocrx_word' id='word_1_492' title='bbox 388 3074 587 3122; x_wconf 90' lang='lat' dir='ltr'>hominis</span> <span class='ocrx_word' id='word_1_493' title='bbox 613 3074 885 3138; x_wconf 89' lang='lat' dir='ltr'>glorificato,</span> <span class='ocrx_word' id='word_1_494' title='bbox 922 3076 983 3123; x_wconf 90' lang='lat' dir='ltr'>ita</span> <span class='ocrx_word' id='word_1_495' title='bbox 1005 3076 1127 3140; x_wconf 88' lang='lat' dir='ltr'>apud</span> <span class='ocrx_word' id='word_1_496' title='bbox 1148 3077 1424 3139; x_wconf 89' lang='lat' dir='ltr'>Johannem,</span> <span class='ocrx_word' id='word_1_497' title='bbox 1461 3083 1496 3104; x_wconf 90' lang='lat'><strong>“</strong></span> <span class='ocrx_word' id='word_1_498' title='bbox 1517 3079 1652 3126; x_wconf 83' lang='lat' dir='ltr'>Dixit</span> <span class='ocrx_word' id='word_1_499' title='bbox 1675 3077 1820 3140; x_wconf 79' lang='lat' dir='ltr'>jesus,</span> <span class='ocrx_word' id='word_1_500' title='bbox 1857 3096 1977 3128; x_wconf 91' lang='lat' dir='ltr'>nunc</span> <span class='ocrx_word' id='word_1_501' title='bbox 2010 3080 2302 3144; x_wconf 20' lang='lat' dir='ltr'>glorificatus*</span> <span class='ocrx_word' id='word_1_502' title='bbox 2326 3082 2390 3128; x_wconf 79' lang='lat' dir='ltr'>est</span> 
     </span>
    </p>

    <p class='ocr_par' dir='ltr' id='par_1_5' title="bbox 316 3141 2392 3262">
     <span class='ocr_line' id='line_1_44' title="bbox 316 3141 2392 3211; baseline 0.001 -20"><span class='ocrx_word' id='word_1_503' title='bbox 316 3188 318 3191; x_wconf 81' lang='grc'><strong>,</strong></span> <span class='ocrx_word' id='word_1_504' title='bbox 383 3141 525 3189; x_wconf 83' lang='lat' dir='ltr'>Filius</span> <span class='ocrx_word' id='word_1_505' title='bbox 543 3141 740 3200; x_wconf 77' lang='lat' dir='ltr'>hominis,</span> <span class='ocrx_word' id='word_1_506' title='bbox 776 3143 825 3192; x_wconf 88' lang='lat'>&amp;</span> <span class='ocrx_word' id='word_1_507' title='bbox 848 3143 976 3195; x_wconf 84' lang='lat' dir='ltr'>Deus</span> <span class='ocrx_word' id='word_1_508' title='bbox 1018 3142 1299 3209; x_wconf 85' lang='lat' dir='ltr'>glorificatus</span> <span class='ocrx_word' id='word_1_509' title='bbox 1336 3145 1384 3194; x_wconf 90' lang='lat' dir='ltr'>in</span> <span class='ocrx_word' id='word_1_510' title='bbox 1408 3143 1544 3210; x_wconf 80' lang='lat' dir='ltr'>Ips03</span> <span class='ocrx_word' id='word_1_511' title='bbox 1579 3145 1613 3192; x_wconf 87' lang='lat' dir='ltr'><strong>fi</strong></span> <span class='ocrx_word' id='word_1_512' title='bbox 1639 3147 1765 3195; x_wconf 84' lang='lat' dir='ltr'>Deus</span> <span class='ocrx_word' id='word_1_513' title='bbox 1798 3147 2075 3211; x_wconf 87' lang='lat' dir='ltr'>glorificatus</span> <span class='ocrx_word' id='word_1_514' title='bbox 2098 3148 2163 3196; x_wconf 90' lang='lat' dir='ltr'>est</span> <span class='ocrx_word' id='word_1_515' title='bbox 2194 3150 2240 3196; x_wconf 88' lang='lat' dir='ltr'>in</span> <span class='ocrx_word' id='word_1_516' title='bbox 2264 3147 2392 3210; x_wconf 79' lang='lat' dir='ltr'>Ipse,</span> 
     </span>
     <span class='ocr_line' id='line_1_45' title="bbox 358 3221 2387 3262; baseline 0.003 -7"><span class='ocrx_word' id='word_1_517' title='bbox 358 3221 362 3226; x_wconf 80' lang='grc'><strong>’</strong></span> <span class='ocrx_word' id='word_1_518' title='bbox 2249 3226 2387 3262; x_wconf 72' lang='lat' dir='ltr'>etiam</span> 
     </span>
    </p>
   </div>
  </div>
 </body>
</html>
