2872 3730
478 295 572 378 96
811 282 1963 387 '‘*GENESIjS

551 437 693 486 2922.
738 420 793 468 In
820 420 971 469 electo
1010 421 1346 487 sepulchrorum
1380 413 1657 479 nostrorum,
1705 421 1832 486 quod
1877 419 2095 484 significet
2136 418 2471 483 beneplacitum

489 487 643 554 quoad
666 489 1061 551 regenerationem,
1085 487 1256 537 constat
1273 506 1298 537 a
1314 489 1634 552 significatione
1653 487 1833 552 eligere,
1857 487 2088 535 electionis
2113 487 2161 534 ὅτ
2183 485 2328 543 electi,
2354 486 2481 549 quod

493 556 547 603 fit
571 554 766 616 optionis
791 552 863 600 seu
887 553 1149 619 beneplaciti
1170 577 1184 611 ·,
1219 555 1268 602 δε
1291 571 1346 602 ex
1369 556 1689 619 significatione
1712 554 1962 618 Sepulchri,
1998 553 2124 616 quod
2149 552 2202 600 fit
2226 551 2483 600 resurreetio

495 622 545 668 &
571 621 861 682 regeneratio,
898 620 954 666 de
976 637 1065 684 qua
1087 619 1217 684 supra
1232 638 1300 668 n:
1331 623 1471 684 2916.

502 752 551 799 ὃ.
567 684 2023 817 ἴξῶῗὲῑὲἕὲ.ἷῖῗῗἷῖᾗἓξὲξὛῗὲέιέἓῗήςξῗῇῗῗῑῗὲἓὲῗὲἓ.ἷῖῗῑῗ
2038 685 2176 815 355⁶
2189 695 2488 813 {3225}ssss

502 817 575 865 seu
599 816 835 864 resuscitari
857 817 912 863 ad
938 819 1096 874 vitam,
1133 818 1189 865 de
1211 834 1302 881 qua
1326 835 1382 867 n:
1407 820 1537 884 *2916
1559 842 1574 875 ·,
1610 818 1657 867 δε
1683 825 1708 866 a
1730 817 2049 881 significatione
2073 817 2260 873 mortui,
2285 817 2411 879 quod
2435 816 2488 863 fit

504 899 596 931 nox
619 883 769 946 quoad
796 883 920 929 bona
940 883 989 930 ὅτ
1014 901 1115 931 vera
1147 883 1269 942 fidei,
1305 884 1361 931 de
1384 901 1473 948 qua
1497 902 1554 934 n:
1583 889 1726 950 2908.
1756 900 1895 948 2912.
1925 899 2066 948 2917.

574 965 717 1013 2924.
755 948 898 1006 Quod
923 949 1160 1013 quisquam
1178 966 1207 996 -e
1231 949 1358 997 nobis
1383 950 1666 1014 sepulchrum
1701 949 1831 997 suum
1856 966 1947 997 non
1982 947 2237 1013 prohibebit
2259 963 2283 994 a
2305 958 2365 1003 te,
2402 946 2485 1010 fig-

505 1014 656 1062 nificet
679 1014 803 1076 quod
828 1029 985 1061 omnes
1009 1017 1146 1078 parati
1169 1016 1302 1063 effent
1330 1016 1384 1063 ad
1410 1017 1712 1081 recipiendam
1736 1016 2133 1079 regenerationem,
2169 1013 2339 1061 constat
2362 1029 2386 1059 a
2406 1013 2494 1075 sig-

506 1080 759 1128 nificatione
799 1079 1034 1142 sepulchri,
1069 1081 1194 1143 quod
1229 1081 1283 1128 fit
1323 1084 1615 1144 regeneratio,
1651 1083 1708 1129 de
1740 1098 1831 1145 qua
1863 1097 1922 1130 n:
1953 1082 2114 1146 2916·,
2150 1082 2199 1128 &
2223 1095 2248 1126 a
2270 1078 2492 1142 significa-

507 1147 627 1193 tione
651 1161 741 1192 non
765 1144 986 1220 cohibere,
1021 1146 1148 1209 quod
1172 1146 1225 1192 sit
1247 1143 1492 1194 voluntatis
1524 1147 1780 1210 recipiendi.

502 1277 559 1324 γεἰ
579 1209 2497 1340 iffi&tsseffiffiissessssssstffss'ffffli{sssstsshssiss1fl{*¹sfic⁶⁶n2<3issti,“2⁶issi”iirgffif

511 1343 636 1455 citagi
658 1359 682 1389 a
705 1343 835 1389 nocte
858 1343 1008 1406 quoad
1031 1342 1148 1391 bona
1168 1343 1219 1392 δε
1235 1359 1338 1391 vera
1362 1343 1485 1402 fidei,
1521 1344 1585 1391 de·
1599 1359 1688 1407 qua
1713 1359 1823 1392 mox
1846 1342 1977 1407 supra
1997 1358 2051 1390 n:
2073 1357 2218 1406 2923,
2245 1339 2321 1386 ubi
2338 1340 2498 1391 eadem

513 1424 592 1455 ver
625 1424 662 1454 a.
1540 1435 1542 1437 >
2578 1452 2585 1459 ,

581 1474 723 1537 2926.
762 1473 878 1520 Vers
887 1492 897 1522 :
929 1491 970 1539 7.
994 1480 1036 1525 8.
1073 1478 1138 1525 Et
1150 1476 1343 1540 surrexit
1357 1476 1599 1534 Abraham,
1633 1474 1688 1526 δέ’
1711 1475 1965 1524 incurvavit
1979 1473 2030 1538 se
2045 1470 2202 1536 populo
2225 1482 2368 1529 terrae,
2390 1470 2502 1531 filiis

511 1540 662 1587 Cheth.
731 1540 1010 1604 Etloquutus
1031 1559 1122 1589 cum
1145 1543 1247 1600 illis,
1282 1543 1467 1599 dicendo,
1491 1543 1547 1599 li-
1562 1542 1617 1602 est
1655 1548 1758 1590 cum
1781 1543 1926 1588 anima
1960 1540 2100 1600 vssra
2140 1539 2201 1586 ad
2207 1572 2212 1575 -
2223 1538 2500 1601 sepeliendum

511 1615 719 1663 mortuum
744 1623 874 1655 meum
895 1624 923 1652 a
947 1624 1086 1655 coram
1106 1625 1184 1666 me,
1219 1609 1364 1656 audite
1385 1625 1463 1664 me,
1498 1607 1553 1656 Β
1576 1606 1816 1656 intercedite
1835 1606 1941 1653 mihi
1972 1605 2090 1667 apud
2105 1603 2348 1666 ‘Ephronem
2359 1603 2502 1661 filium

515 1671 701 1719 Zochar.
773 1673 972 1719 Surrexit
1009 1672 1242 1720 Abraham
1287 1673 1337 1721 &
1378 1673 1631 1720 incurvavit
1676 1670 1735 1729 se,
1787 1670 2006 1734 fignificat
2050 1668 2269 1733 gaudium
2307 1669 2501 1716 Domini

514 1747 700 1800 propter
723 1735 965 1799 benignam
991 1754 1086 1799 rece
1121 1740 1323 1787 tionem:
1358 1737 1533 1802 populo
1555 1750 1703 1794 terrae,
1739 1736 1842 1783 filiis
1864 1735 2030 1793 Cheth,
2064 1734 2286 1798 significat
2325 1734 2381 1780 ab
2413 1734 2500 1781 illis

517 1803 596 1866 qui
627 1801 683 1848 ab
707 1801 903 1850 Ecclesia
934 1819 1052 1851 nova
1084 1755 1323 1868 {aititualiz
1359 1805 1576 1868 loquutus
1598 1814 1710 1852 cum·
1731 1802 1818 1850 illis
1841 1801 2052 1857 dicendo,
2087 1799 2309 1863 fignificat
2332 1801 2502 1862 cogita-

512 1869 687 1914 tionem
713 1869 759 1914 &
784 1872 1121 1933 perceptionem
1146 1871 1202 1919 de
1224 1871 1338 1919 illis:
1376 1871 1409 1918 fi
1431 1869 1494 1918 est
1516 1885 1623 1918 cum
1648 1870 1795 1916 anima
1817 1867 1973 1924 vestra,
2011 1866 2232 1930 significat
2270 1865 2302 1912 fi
2340 1882 2396 1912 ex
2436 1864 2502 1911 af-

517 1931 708 1981 fectione
731 1935 825 1980 veri
849 1950 904 1980 ex
926 1937 1090 1984 corde:
1126 1937 1183 1984 ad
1217 1936 1520 2001 sepeliendum
1559 1947 1795 1984 mortuum
1833 1948 1991 1982 meum
2014 1949 2039 1979 a
2061 1940 2215 1979 coram
2239 1947 2330 1986 me,
2368 1931 2504 1994 signi-

460 2017 467 2022 *
517 1998 625 2047 ficat
657 1999 785 2063 quod
821 2015 877 2047 ex
914 2003 1043 2049 nocte
1082 2019 1309 2066 emergere
1341 2004 1391 2050 &
1427 2001 1650 2066 resurgere
1672 2001 1868 2048 vellent:
1905 1999 2056 2046 audite
2080 2013 2173 2055 me,
2209 1996 2430 2061 significat
2453 2009 2505 2044 ut

510 2064 907 2129 obtemperarent:
945 2070 992 2115 &
1020 2070 1277 2117 intercedite
1301 2069 1414 2117 mihi
1435 2069 1557 2132 apud
1580 2067 1846 2132 Ephronem
1885 2065 2034 2114 filium
2058 2062 2252 2118 Zochar,
2287 2062 2510 2126 significat.

517 2130 620 2179 illos
642 2131 762 2195 apud
786 2148 902 2195 quos
925 2150 1084 2181 verum
1108 2135 1157 2182 ὅτ
1181 2135 1354 2183 bonurn
1379 2134 1485 2182 fidei
1511 2135 1648 2199 recipi
1671 2133 1825 2198 poffet.

589 2212 731 2261 2927.
770 2198 972 2247 Surrexit
998 2200 1227 2248 Abraham
1251 2202 1300 2248 &
1334 2201 1593 2248 incurvavit
1630 2200 1688 2257 se,
1723 2198 1852 2263 quod
1890 2197 2110 2260 significet
2146 2194 2366 2259 gaudium
2406 2194 2507 2241 Do-

519 2263 635 2310 mini
671 2275 855 2327 propter
895 2265 1138 2328 benignam
1177 2268 1498 2330 receptionem,
1533 2265 1705 2317 constat
1728 2281 1753 2312 a
1776 2264 2097 2328 significatione
2134 2261 2327 2324 surgere,
2379 2259 2507 2323 quod
2576 2298 2579 2302 .

520 2328 725 2375 involvat
750 2328 921 2392 aliquid
943 2331 1218 2389 elevationiS,
1253 2333 1310 2381 de
1334 2349 1424 2396 qua
1447 2350 1499 2381 n:
1526 2349 1669 2393 2401.
1700 2335 1826 2395 2785
1849 2352 1863 2386 ;
1898 2344 1955 2376 ex
1977 2328 2203 2375 laetitia&
2228 2326 2398 2389 gaudio
2420 2325 2512 2372 ele-

521 2404 657 2440 vatur
690 2410 834 2451 mens,
870 2396 972 2443 ideo
996 2397 1068 2445 hic
1090 2398 1256 2445 dicitur
1288 2398 1509 2454 surrexit·,
1545 2414 1571 2445 a
1593 2395 1982 2461 repraesentatione
2004 2392 2274 2450 Abrahami‚
2309 2392 2434 2455 quod
2459 2391 2514 2438 sit
2603 2442 2605 2445 ,

522 2460 770 2518 Dominus,
806 2461 862 2509 de
898 2479 988 2526 qua
1022 2463 1182 2527 saepius
1223 2465 1382 2527 prius3
1419 2465 1469 2512 ὅτ
1507 2479 1533 2510 a
1569 2462 1892 2527 significatione
1931 2461 2163 2507 incurvare
2196 2458 2263 2524 yse,
2297 2457 2424 2520 quod
2459 2456 2514 2503 fit

518 2525 752 2590 gaudere3
783 2528 1040 2576 incurvatio
1075 2529 1138 2576 est
1160 2531 1308 2593 gestus
1331 2529 1532 2592 corporis
1554 2541 1647 2576 tam
1671 2544 1728 2574 ex
1749 2526 2061 2573 humiliatione
2082 2538 2222 2584 quam
2242 2537 2301 2568 ex
2324 2522 2511 2582 gaudio,

521 2590 655 2653 quod
677 2606 733 2636 ex
756 2593 941 2653 gaudio,
975 2596 1025 2640 &
1058 2597 1183 2655 quod
1219 2607 1404 2658 propter
1442 2594 1683 2655 benignam
1721 2593 2040 2654 receptionem,
2076 2598 2198 2650 patet
2219 2585 2275 2633 ab
2298 2587 2383 2633 illis
2407 2600 2513 2649 quae

526 2655 791 2720 praecedunt
815 2658 861 2702 δε
887 2673 992 2719 quae
1015 2659 1274 2719 sequuntur.
2261 2651 2267 2661 f

547 2754 549 2756 -
602 2724 744 2782 2928.
781 2721 963 2783 Populo
983 2734 1132 2778 terrae,
1168 2722 1270 2769 filiis
1294 2724 1329 2768 C
1334 2721 1456 2779 heth,
1490 2721 1616 2785 quod
1656 2720 1875 2784 significet
1910 2718 1966 2767 ab
2003 2717 2088 2764 illis
2126 2717 2206 2780 qui
2240 2715 2296 2763 ab
2317 2714 2517 2765 Ecclesia

531 2781 765 2847 spirituali,
801 2787 971 2833 constat
994 2803 1018 2833 a
1041 2787 1357 2850 significatione
1381 2787 1566 2851 populi,‘
1593 2787 1721 2850 quod
1756 2786 1842 2839 sint
1879 2784 1945 2831 illi
1977 2784 2058 2847 qui
2087 2782 2258 2830 suntin
2280 2783 2415 2837 veriS,
2452 2782 2517 2830 ita

533 2849 796 2914 spiritualeS,
832 2851 888 2899 de
910 2868 999 2915 qua
1022 2870 1078 2899 n:
1112 2870 1248 2917 1259.
1283 2854 1403 2901 1260
1429 2875 1443 2908 ·‚
1478 2869 1503 2899 a
1525 2852 1847 2916 significatione
1882 2863 2031 2907 terne,
2065 2848 2191 2912 quod
2223 2848 2277 2895 fit
2299 2847 2517 2905 Ecclesia,

533 2914 594 2964 de
633 2931 719 2979 qua
757 2918 1286 2983 n1662.1066.1067.
1317 2918 1615 2982 1262·1733·
1649 2922 1786 2980 1850.
1815 2932 1955 2980 2117.
1983 2919 2105 2964 2118
2133 2912 2182 2970 f·,
2219 2915 2267 2962 &
2291 2929 2316 2960 a
2342 2913 2516 2976 signifi-

535 2979 710 3032 catione
734 2981 934 3030 filiorum
958 2983 1123 3039 Cheth,
1158 2985 1284 3047 quod
1326 2984 1411 3030 sint
1446 2984 1509 3030 illi
1545 2985 1625 3047 qui
1664 2999 1691 3031 a
1724 2998 1841 3030 nova
1862 2981 2062 3029 Ecclesia
2083 2978 2314 3046 spirituali,
2350 2979 2407 3025 de
2428 2994 2519 3042 qua

534 3044 666 3110 supra
689 3062 748 3095 nt
777 3064 918 3113 2913·
970 3050 1173 3112 Populus
1212 3063 1341 3097 terrae
1386 3051 1542 3113 passim
1582 3050 1847 3096 nominatur
1885 3048 1932 3094 in
1954 3045 2126 3103 Verbo,
2161 3046 2240 3093 ubi
2274 3044 2423 3108 agitur
2461 3046 2520 3093 de

534 3110 688 3165 Isi-tiele
717 3113 766 3161 δε
791 3115 846 3161 de
869 3114 1203 3178 Hierosolyma,
1238 3116 1288 3163 δε
1310 3115 1542 3179 perillum
1578 3115 1623 3161 in
1659 3113 1780 3162 sensu
1816 3116 1993 3161 interno
2025 3111 2301 3176 significatur
2321 3110 2521 3159 Ecclefia

535 3175 564 3230 s
607 3177 786 3235 ritualis,
824 3180 895 3228 seu
929 3180 993 3233 illi
1025 3183 1105 3244 qui
1128 3181 1183 3227 ab
1207 3180 1404 3228 Ecclesia
1442 3180 1671 3244 spirituali,
1708 3196 1812 3228 nam
1843 3195 1923 3244 per
1943 3177 2144 3226 Israelem
2169 3178 2218 3224 ὅτ
2244 3192 2324 3240 per
2347 3177 2519 3223 Hiero-

603 3259 755 3306 ymarn
789 3246 860 3295 illa
884 3246 1080 3296 Ecclesia
1102 3247 1401 3313 intelligitur3
1437 3262 1545 3295 cum
1583 3247 1733 3312 agitur
1767 3247 1822 3295 de
1846 3244 2023 3311 Jehuda
2046 3245 2094 3294 δε
2130 3243 2186 3293 de
2206 3244 2373 3300 Zione,
2390 3246 2516 3356 (t3un‘c

1643 3328 1646 3333 '
2439 3320 2516 3355 ens
