2904 3750
519 165 660 233 620
1019 162 1982 237 GENESJS.

526 295 674 350 dolus,
705 293 783 356 qui
808 292 871 340 est
888 292 989 340 finis
1013 293 1135 350 mali,
1171 293 1341 342 inducit
1359 294 1569 342 infernale
1591 295 1804 344 omnibus
1826 299 1877 346 &
1894 297 2086 360 'singulis
2121 315 2229 364 quae
2255 298 2498 365 apud'hoi

528 361 721 417 minem,
759 360 871 406 acin
892 359 1045 407 medio
1067 359 1200 423 ponit
1219 361 1408 416 malum,
1443 362 1493 408 δε
1516 361 1571 406 ad
1591 362 1865 424 peripherias
1888 363 2035 423 rejicit
2054 365 2246 421 bonum,
2281 357 2359 429 qdi
2383 371 2518 418 ordo‘

528 425 592 471 est
618 425 707 488 ipse
723 425 837 472 ordo
861 424 1118 472 infernalis:
1156 426 1217 472 ita
1241 426 1284 472 in
1302 426 1701 473 innumerabilibus
1719 429 1832 477 aliis.
1902 430 2042 487 Qod
2063 431 2150 477 fivnt
2172 433 2288 479 mala
2307 435 2356 481 ὅτ
2373 433 2493 491 falsa,

528 489 696 553 quibus
720 489 906 552 adjungi
930 504 1101 554 queunt
1111 491 1239 537 bona
1256 492 1306 538 &
1329 506 1452 547 vera,
1488 490 1633 538 solum
1657 493 1854 540 constare
1878 495 2026 558 potest
2050 512 2110 543 ex
2145 511 2220 553 eo,
2260 500 2387 561 quod
2428 511 2498 546 tot

528 556 701 602 diversa
720 557 939 618 dogmata
961 556 1292 604 &decirinalia
1310 557 1412 613 fint,
1450 573 1644 620 quorum
1679 558 1808 620 plura
1840 559 1942 606 sunt
1976 560 2150 621 prorsus
2189 562 2411 620 haeretica,
2446 566 2498 612 δε

530 634 679 668 tamen
705 621 750 667 in
775 622 1031 684 unoquovis
1055 621 1154 668 sunt
1178 622 1257 683 qui
1283 622 1531 669 salvantur:
1569 634 1666 669 tum
1704 624 1829 685 quod
1872 626 1988 672 inter
2026 639 2200 689 genteS,
2236 643 2343 691 quae
2372 642 2496 677 extra

532 686 778 734 Ecclesiam
806 687 922 743 sunt,
959 687 1095 732 etiam
1136 685 1189 732 fit
1227 686 1423 733 Ecclesia
1453 687 1665 742 Domini,
1700 689 1750 734 ὅτ
1775 691 1950 737 tametsi
1985 693 2030 737 in
2056 691 2172 738 falfis
2195 691 2310 749 sunt,
2357 695 2498 758 usque

530 752 614 807 illi,
649 753 725 815 qui
744 753 886 799 vitam
906 750 1125 798 charitatis
1149 750 1334 806 vivunt,
1372 751 1597 797 salventur
1631 767 1685 797 n:
1721 758 1847 815 2589
1867 755 1923 800 ad
1945 759 2092 814 2604,
2126 758 2252 818 quod
2292 759 2387 806 fieri
2423 776 2500 807 ne-

529 819 743 881 quicqam
765 817 997 880 potuiffet‚
1032 816 1114 861 nisi
1138 816 1254 861 mala
1279 815 1362 862 sint
1378 831 1483 862 cum
1507 815 1667 878 quibus
1701 815 1874 864 misceri
1914 820 2097 880 pofl‘unt
2128 822 2261 879 bona,
2302 825 2352 871 ὅτ
2392 823 2497 873 falsa

527 898 633 928 cum
652 882 815 944 quibus
832 896 935 927 vera
955 897 966 926 ε
1003 881 1119 926 mala
1140 880 1263 930 enim
1286 895 1391 927 cum
1427 880 1591 944 quibus
1629 881 1872 928 miscentur
1902 883 2037 940 bona,
2053 922 2056 923 γ
2073 886 2123 932 &c
2146 884 2247 932 falsa
2269 903 2374 935 cum
2397 892 2500 954 qui-

530 952 613 995 bus
632 965 754 1004 vera,
793 945 1057 992 mirabiliter
1091 946 1136 991 in
1160 945 1370 993 ordinem
1398 946 1698 1008 disponuntur
1718 962 1744 993 a
1769 948 1993 1005 Domino,
2030 965 2123 997 non
2162 950 2285 998 enim
2310 953 2497 1016 conjun-

524 1027 718 1076 guntur,
759 1012 906 1060 minus
929 1011 1158 1068 uniuntur,
1193 1010 1266 1057 sed
1291 1010 1595 1073 adjunguntur
1617 1014 1668 1059 &
1701 1012 1996 1075 applicantur,
2032 1015 2082 1061 &
2121 1015 2408 1079 quidem-ita,
2443 1032 2498 1068 ut

531 1083 578 1128 in
599 1083 752 1128 medio
774 1078 894 1142 quasi
930 1077 974 1122 in
999 1091 1154 1122 centro
1187 1076 1273 1122 fint
1297 1077 1416 1125 bona
1438 1093 1548 1123 cum.
1577 1077 1710 1134 veriS‚
1747 1080 1796 1125 &
1813 1094 1891 1142 per
1913 1080 2074 1140 gradus
2107 1082 2164 1128 ad
2187 1082 2399 1137 circuitus
2423 1085 2497 1142 seu

529 1146 822 1212 peripheriaS‚
857 1143 958 1189 talia
975 1143 1092 1189 maia
1109 1144 1159 1190 ὅτ
1178 1140 1297 1196 falsa,
1334 1142 1440 1189 inde
1464 1142 1545 1198 est,
1581 1142 1708 1206 quod
1729 1143 1826 1190 haec
1844 1144 2115 1193 illustrentur
2137 1146 2194 1193 ab
2214 1146 2318 1203 illis,
2353 1142 2404 1196 δὲ
2420 1165 2499 1198 va-

531 1214 764 1274 riegentur
778 1208 887 1255 sicut
905 1208 1077 1255 alba&
1096 1207 1224 1270 nigra
1245 1223 1271 1253 a
1294 1206 1394 1255 luce
1411 1223 1436 1254 e
1455 1208 1609 1254 medio
1633 1219 1710 1255 aut
1731 1223 1756 1254 e
1778 1223 1965 1264 centr03
1991 1211 2062 1257 hic
2084 1210 2149 1257 est
2163 1212 2276 1259 ordo
2292 1213 2499 1266 coelestis.

531 1280 655 1327 Haec
673 1278 792 1330 sunt,
827 1290 932 1338 quae
950 1288 1030 1336 per
1042 1274 1255 1336 punctam
1278 1273 1327 1319 &
1352 1273 1573 1320 maculosa
1592 1272 1637 1319 in
1653 1273 1776 1320 sensu
1793 1275 1968 1323 interno
1991 1273 2313 1338 significantur.

599 1361 745 1408 3994.
782 1340 846 1387 Et
885 1354 1024 1386 omne
1069 1354 1208 1401 pecus
1247 1338 1439 1399 nigrum*
1480 1339 1530 1385 in.
1549 1336 1725 1401 'agnis‚1
1792 1341 1926 1405 quod⁴
1982 1341 2203 1404 fignificet
2259 1343 2497 1407 proprium

530 1407 824 1462 innocentiae,
880 1405 1007 1468 quod
1044 1404 1107 1452 est
1153 1402 1262 1451 boni
1302 1419 1382 1467 per
1416 1404 1656 1452 Labanem
1701 1405 1957 1466 significat-i,
2023 1406 2199 1455 constat
2256 1424 2282 1454 a
2325 1411 2499 1473 fignifi-

529 1477 707 1522 catione
748 1470 881 1535 nigri,
937 1465 1065 1534 quod
1110 1470 1164 1516 fit
1195 1469 1452 1533 proprium,
1508 1469 1566 1516 de
1611 1485 1702 1534 qua
1763 1486 1877 1520 mox
1919 1472 2049 1535 supra
2093 1489 2123 1519 n
2149 1490 2162 1519 τ
2213 1491 2339 1539 3993
2365 1495 2380 1530 ς
2445 1477 2498 1524 δε

529 1558 557 1589 a
580 1538 902 1602 significatione
926 1534 1046 1597 agni,
1081 1537 1207 1599 quod
1241 1536 1294 1582 fit
1332 1537 1605 1592 innocentia,
1641 1535 1698 1584 de
1720 1551 1812 1600 qua
1849 1538 2096 1602 sequit-ur.⁴
2137 1535 2260 1588 Cum
2302 1536 2494 1604 proprio

532 1606 822 1659 innocentiae,
857 1602 986 1666 quod
1025 1601 1304 1662 significatur
1344 1615 1425 1663 per
1448 1602 1634 1664 nigrum
1658 1603 1703 1647 in
1728 1604 1871 1665 agnis,
1906 1606 1969 1650 ita
1991 1603 2032 1650 se
2069 1604 2246 1659 habet;
2281 1606 2327 1651 in
2364 1606 2497 1654 omni

531 1671 659 1720 bono
692 1671 775 1717 erit
807 1667 1076 1720 innocentia,
1111 1676 1165 1712 ut
1202 1666 1255 1712 fit
1278 1666 1454 1712 bonum
1477 1667 1663 1712 charitas
1686 1667 1854 1731 absque
1892 1669 2146 1717 innocentia
2169 1685 2261 1716 non
2295 1669 2360 1716 est
2393 1671 2499 1719 cha-

532 1739 657 1794 ritaS‚
695 1736 847 1783 minus
864 1732 1013 1778 adhuc
1030 1727 1221 1783 amor‘in
1241 1731 1522 1786 Dominum,
1559 1743 1839 1795 quapropter
1853 1728 2116 1797 innocentia
2137 1734 2201 1780 est
2240 1734 2393 1797 ipsum
2431 1736 2497 1784 es-
2547 1730 2558 1740 ⁸

533 1801 716 1852 sentiale
733 1798 898 1846 amoris
921 1797 969 1843 δε
991 1794 1231 1852 charitatiS‚
1267 1795 1459 1857 proinde
1484 1796 1623 1842 boni:
1675 1798 1916 1858 propri-um
1955 1799 2228 1845 innocentiae
2248 1799 2329 1854 est,
2366 1802 2499 1863 quod

532 1872 707 1921 sciatur,
741 1861 1007 1927 agnosca-tur
1028 1862 1078 1907 &c
1100 1860 1323 1915 credatur,
1357 1874 1449 1906 non
1473 1874 1557 1905 ore
1574 1858 1650 1906 sed
1673 1859 1821 1915 corde,
1856 1860 1983 1924 quod
2007 1859 2120 1908 nihil
2140 1861 2223 1908 nifi
2243 1863 2418 1912 malum
2442 1865 2500 1914 stt

533 1953 559 1983 a
591 1936 650 1991 se,
685 1934 735 1979 &
778 1938 917 1976 omne
947 1928 1126 1975 bonum
1147 1941 1171 1972 a
1193 1924 1401 1971 Domino
1426 1947 1440 1981 ;
1493 1924 1687 1989 proinde
1726 1925 1855 1988 quod
1900 1926 2144 1991 proprium
2167 1924 2265 1990 ejus
2296 1943 2389 1976 non
2413 1931 2496 1978 nisi

535 2016 677 2065 quarn
704 1996 891 2056 nigrum
909 1993 981 2048 fit,
1008 2006 1174 2054 nempe
1194 2002 1288 2037 tarn
1313 1991 1554 2053 proprium
1572 1990 1886 2038 voluntarium
1903 1992 2030 2055 quod
2049 1992 2114 2039 est
2137 1993 2328 2050 malum,
2353 2011 2497 2058 quam

533 2066 772 2131 proprium
793 2056 1090 2106 intellectuale
1113 2056 1239 2120 quod
1264 2056 1328 2102 est
1351 2054 1513 2102 falsum
1534 2076 1547 2110 ;
1581 2071 1690 2102 cu.·n
1709 2055 1852 2103 homo
1869 2058 1916 2103 in
1941 2057 2023 2104 hac
2041 2058 2311 2105 confeffione
2328 2060 2379 2107 &
2399 2061 2494 2108 fide

533 2149 593 2180 ex
614 2129 747 2178 corde
769 2124 850 2181 est,
888 2135 997 2169 tunc
1027 2121 1175 2169 influit
1199 2123 1431 2173 Dominus
1449 2137 1563 2167 cum·
1593 2121 1717 2167 bono
1754 2122 1805 2168 ὅτ,
1827 2137 1953 2178 vero,
1989 2124 2039 2170 ὅτ
2080 2123 2271 2171 infinuat
2307 2124 2350 2171 ei
2389 2141 2498 2188 pro-

517 2198 691 2261 'prium
713 2190 907 2245 coeleste,
942 2187 1067 2252 quod
1087 2186 1150 2234 est
1173 2187 1419 2234 candidum
1441 2187 1491 2234 &
1515 2185 1779 2248 splendens3
1830 2187 2053 2251 nusquam
2092 2188 2256 2252 aliquis
2299 2191 2346 2235 in
2386 2205 2494 2240 vera

524 2248 853 2311 ‘humiliatione
876 2253 1022 2318 potest
1045 2252 1147 2308 effe,
1184 2252 1265 2299 nifi
1287 2253 1341 2300 fit
1366 2253 1411 2298 in
1437 2252 1511 2299 illa
1533 2251 1764 2324 agnitione
1783 2253 1834 2299 δε
1858 2253 1948 2298 fide
1979 2268 2036 2299 ex
2067 2254 2218 2309 conde,
2253 2270 2361 2302 nam
2385 2266 2495 2304 tune

534 2330 581 2377 in
604 2328 669 2375 sui
687 2321 1006 2372 annihilatione
1028 2318 1109 2373 est,
1143 2317 1242 2365 irno
1265 2317 1320 2364 in·
1335 2316 1400 2364 sui
1415 2317 1704 2375 aversatione,
1738 2319 1790 2364 &
1812 2317 1872 2364 sic
1893 2316 1940 2365 in
1963 2318 2161 2366 absentia
2178 2334 2204 2365 a
2219 2319 2279 2377 se,
2300 2319 2360 2367 ita
2385 2316 2494 2370 tunc

537 2395 601 2442 cst
626 2394 669 2440 in
696 2390 808 2437 statu
834 2383 1080 2450 recipiendi
1099 2383 1331 2431 Divinum
1350 2383 1551 2430 Domini
1574 2403 1588 2437 ;
1624 2383 1730 2430 inde
1751 2382 1832 2439 est,
1866 2385 1996 2446 quod
2019 2384 2251 2432 Dominus
2283 2398 2391 2433 cum
2415 2388 2499 2435 bo-

540 2477 602 2508 no
626 2457 785 2506 influat
808 2453 854 2499 in
878 2467 956 2499 cor
978 2449 1155 2496 humile
1178 2449 1228 2496 ὅτ
1251 2449 1501 2496 contritum
1529 2466 1540 2495 ε
1574 2449 1662 2495 tale
1685 2447 1747 2496 est
1770 2449 2012 2512 proprium
2037 2449 2329 2507 innocentiae‚
2365 2453 2495 2515 quod
2536 2494 2539 2498 Α

540 2528 613 2574 hic-
632 2522 903 2587 fignificatur
920 2531 1000 2579 per
1022 2516 1207 2578 nigrum
1231 2516 1277 2561 in
1310 2515 1458 2576 agnis,
1493 2513 1617 2578 quod
1641 2514 1838 2576 Jacobus
1860 2514 1941 2561 fibi
1979 2515 2136 2577 elegit,
2169 2527 2216 2564 at
2249 2516 2408 2567 album
2446 2519 2495 2565 in

538 2591 667 2639 aunis
684 2587 746 2634 est
770 2583 985 2632 meritum
1004 2580 1137 2645 qudd-
1149 2581 1336 2644 ponitur
1356 2582 1401 2627 in
1418 2581 1566 2635 bonu,
1601 2579 1728 2643 quod
1743 2579 1975 2627 albumfit
1995 2580 2231 2638 meritum,
2265 2580 2396 2644 supra
2425 2599 2459 2630 n
2478 2600 2491 2631 :

545 2633 689 2720 3393,
725 2650 914 2697 dictum·
936 2647 1031 2700 est·,
1065 2646 1152 2692 hoc
1172 2642 1281 2692 'non
1315 2645 1445 2708 eligit
1469 2645 1685 2707 Jacobus,
1720 2644 1829 2708 quia
1873 2646 2147 2700 innocentiae
2179 2647 2497 2709 contrariatur,

539 2724 623 2786 qui
641 2718 765 2765 enirn
790 2714 1013 2761 meritum
1024 2712 1156 2774 ponit
1178 2712 1224 2756 in
1240 2711 1386 2765 boniS,
1424 2710 1458 2756 is
1481 2710 1685 2771 agnoscit
1707 2710 1757 2757 ὅτ
1787 2711 1942 2767 credit,
1978 2711 2108 2775 quod
2145 2727 2289 2775 omne
2315 2712 2492 2759 bontun

541 2789 595 2835 fit
617 2801 643 2831 a
665 2783 820 2835 semet,
856 2793 962 2824 nam
986 2777 1031 2822 in
1054 2775 1201 2830 bonis,
1235 2792 1344 2840 quae
1367 2773 1488 2830 facit,
1524 2775 1566 2822 se
1606 2775 1774 2838 spectat
1796 2791 1888 2822 non
1926 2776 2213 2831 Dominum,
2241 2775 2346 2821 inde
2367 2777 2495 2823 retri-

541 2851 780 2901 butionem
798 2841 993 2906 postulat
1006 2856 1071 2886 ex
1088 2841 1283 2893 merit0;
1319 2855 1456 2902 quare
1473 2840 1612 2886 etiam
1637 2838 1741 2901 talis
1762 2839 2015 2887 contemnit
2035 2841 2147 2886 alios
2168 2837 2358 2902 praese,
2394 2843 2495 2890 imo

542 2921 678 2966 etiam
694 2909 980 2960 condemnat,
1016 2903 1205 2967 proinde
1231 2902 1407 2951 tantum
1429 2903 1594 2950 recedit
1616 2905 1679 2950 ab
1707 2903 1862 2951 ordine
1884 2903 2071 2960 coelesti,
2107 2904 2193 2952 hoc
2210 2904 2291 2961 est,
2327 2920 2352 2951 a
2369 2905 2495 2954 bono

539 2987 591 3032 &
614 2994 751 3028 vero:
787 2970 951 3021 exinde
967 2969 1163 3016 constare
1180 2968 1344 3030 potest,
1379 2967 1711 3032 quodcharitas
1729 2982 1842 3034 erga
1863 2969 2149 3032 proximum,
2189 2971 2240 3017 ὅτ
2279 2986 2408 3018 arnor
2447 2972 2496 3019 in

540 3045 821 3100 Dominum,
855 3032 1079 3102 nusquam
1097 3033 1262 3099 dabiles
1278 3034 1380 3091 sint,
1416 3032 1497 3082 nisi
1519 3031 1581 3081 eis
1599 3031 1705 3082 insit
1717 3031 1987 3092 innocentia,
2021 3035 2344 3101 consequenter
2361 3037 2491 3099 quod

767 3131 771 3135 .
1265 3134 1270 3137 ,
2147 3116 2154 3120 ·
2333 3116 2491 3165 nemo,
