2904 3750
545 143 901 267 cAPUT
949 179 1559 264 VIGESIMUM
1617 145 2127 264 ocTAVUM„
2235 221 2375 294 45⁵

368 353 432 387 ex
468 337 686 400 proprio:
741 331 1075 381 inde-constare
1111 330 1276 396 potest,
1323 342 1548 394 quantum
1587 330 1736 376 arcani
1778 329 1887 377 latet
1916 329 1964 377 in
1999 333 2184 397 singulis
2206 335 2376 393 verbis,

323 445 327 450 .
370 420 480 469 quae
502 404 735 451 Dominus
756 402 975 464 loquutus
995 399 1060 446 est
1078 421 1094 454 3
1131 411 1234 446 tum
1257 411 1482 460 quantum
1514 395 1733 460 discrepat
1763 395 1909 443 sensus
1934 398 2072 446 literae
2101 416 2129 446 a
2148 401 2270 448 sensu
2306 404 2378 450 in·

375 484 521 528 terno,
556 471 607 518 ὅτ.
645 470 789 532 magis
819 483 847 514 a
868 465 1002 513 sensu
1027 464 1271 528 supremo;
1308 464 1439 526 quod
1461 463 1696 510 Dominus
1732 465 1792 510 ita
1826 464 2043 527 loquutus
2075 465 2143 522 fit,
2179 481 2288 525 erat,
2324 482 2378 516 ut

374 538 533 594 homo,
567 537 649 599 qui
681 548 792 582 tunc
827 531 1006 596 prorsus
1042 530 1228 578 nescivit
1260 529 1445 592 aliquod
1480 545 1644 576 verum
1666 531 1913 586 Divinum,
1951 531 2089 594 usque
2123 535 2201 579 suo
2234 536 2380 582 modo

376 604 572 652 verbum
604 616 761 664 capere
798 598 957 662 poffet,
990 597 1042 645 δε
1072 597 1132 644 fic
1168 597 1400 660 recipere,
1441 597 1489 644 ὅτ
1516 595 1688 659 Angeli
1722 595 1803 644 suo
1838 596 1998 653 modo,
2040 598 2086 644 hi
2119 599 2241 646 enim
2273 601 2378 649 scie-

375 671 500 727 bant,
536 667 663 733 quod
685 664 897 728 jehovah
934 681 988 712 ac
1010 663 1109 727 Ipse
1145 679 1294 710 unum
1317 662 1472 720 effent,
1507 663 1558 710 &
1587 664 1714 727 quod
1731 665 1872 711 Pater
1909 664 2015 712 effet
2035 665 2263 713 Divinum
2289 670 2379 714 Bo-

373 753 508 793 num,
555 735 662 782 inde
699 747 885 796 quoque
923 730 1132 787 sciebant,
1169 730 1296 793 quod
1336 747 1444 778 cum
1482 731 1615 788 dixit,
1650 731 1776 795 quod
1801 732 1936 780 Pater
1971 731 2063 796 Ipsi
2100 731 2241 790 daret,
2277 734 2383 782 effet

373 803 504 869 quod
525 801 623 865 Ipse
646 800 742 847 Sibi
775 798 968 855 dederit,
1005 801 1053 846 &
1079 798 1208 862 quod
1241 797 1302 844 fic
1335 813 1392 845 ex
1414 798 1614 861 proprio.

447 870 590 934 3706.
627 866 776 931 Qod
809 868 861 914 &
900 864 1056 912 semini
1098 878 1196 922 tuo,
1235 863 1457 926 significet
1495 864 1623 929 quod
1661 880 1848 928 quoque
1883 880 2067 922 verum,
2118 863 2293 913 constat
2327 882 2386 914 ex

375 935 700 1000 fignificatione
724 933 919 990 seminis,
941 932 1071 996 quod
1093 932 1147 980 fit
1170 946 1336 979 verum
1358 931 1483 989 fidei,
1519 931 1576 979 de
1595 947 1687 996 qua
1709 948 1740 979 n
1759 949 1770 979 ε
1790 948 1903 996 255.
1933 937 2042 982 880.
2074 948 2210 996 1025.
2243 950 2386 999 1447.

375 1005 522 1053 11610.
550 1006 694 1062 2848.
724 1005 868 1065 3038.
895 1017 1038 1064 3310.
1066 1016 1211 1065 3373.

450 1086 592 1135 3707.
631 1068 779 1134 Qod
811 1068 894 1114 erit
914 1068 1065 1114 semen
1089 1081 1222 1114 tuum
1249 1066 1361 1115 ficut
1384 1066 1538 1131 pulvis
1561 1078 1710 1130 terrae,
1745 1065 1971 1131 fignificet
2003 1067 2132 1131 quod
2154 1067 2403 1116 Divinum*

379 1138 557 1185 Verum
596 1134 792 1183 naturale
825 1134 930 1181 effet
966 1133 1080 1181 ficut
1103 1134 1279 1182 bonum
1317 1134 1528 1190 naturale,
1565 1132 1739 1180 constat
1771 1150 1797 1181 a
1826 1133 2153 1197 fignificatione
2188 1133 2387 1193 seminis,

379 1203 511 1268 quod
535 1202 588 1250 fit
611 1217 793 1258 verum,
835 1201 892 1247 de
930 1216 1023 1264 qua
1056 1216 1167 1248 mox
1202 1200 1334 1264 supra
1373 1217 1435 1248 n:
1457 1200 1603 1264 3706,
1639 1199 1745 1247 inde
1776 1199 1926 1248 semen
1950 1214 2085 1248 tuum
2109 1200 2181 1250 seu
2204 1202 2389 1263 Jacobi,

380 1271 445 1318 est
466 1271 694 1317 Divinum
715 1268 893 1315 Verum
915 1267 1153 1324 Naturale,
1188 1283 1269 1331 per
1291 1267 1520 1328 Jacobum
1555 1268 1678 1314 enim
1703 1267 2005 1331 repraesentari
2034 1269 2262 1316 Divinum
2287 1269 2388 1316 Na-

380 1336 522 1384 turale
546 1336 757 1391 Domini,
793 1333 923 1398 supra
955 1333 1181 1381 ostensum
1205 1333 1304 1390 est;
1347 1337 1397 1381 &
1420 1350 1477 1381 ex
1497 1333 1823 1396 significatione
1845 1335 2047 1398 pulveris
2075 1346 2223 1392 terrae,
2255 1335 2387 1398 quod

384 1404 438 1450 fit
462 1403 654 1458 bonum,
691 1401 749 1448 de
771 1417 862 1464 qua
883 1417 944 1449 n:
973 1401 1127 1456 1610;
1165 1401 1287 1458 inde,
1325 1406 1359 1428 “
1384 1400 1488 1448 Erit
1510 1399 1661 1448 semen
1684 1413 1837 1458 tuum,
1873 1402 1988 1448 ficut
2019 1401 2173 1465 pulvis
2205 1403 2389 1459 terrae,'’

381 1469 450 1517 est
483 1471 530 1516 in
554 1468 674 1519 sensu
713 1470 907 1524 interno,
944 1468 1071 1531 quod
1095 1468 1324 1516 Divinum
1347 1468 1526 1515 Verum
1562 1467 1759 1514 naturale
1798 1468 1883 1516 erit
1915 1467 2027 1515 ficut
2048 1469 2276 1516 Divinum
2300 1470 2392 1517 Bo-

386 1553 498 1583 num
527 1534 733 1582 naturale.
805 1535 953 1597 Qiod
980 1534 1132 1598 pulvis
1166 1547 1299 1582 terrae
1331 1534 1554 1598 significet
1587 1534 1782 1591 bonum,
1818 1535 1924 1582 inde
1943 1534 2023 1591 est,
2060 1535 2168 1599 quia
2199 1551 2280 1599 per
2303 1548 2393 1583 ter-

385 1619 482 1649 ram
519 1602 796 1664 significatur
820 1602 1039 1663 Regnum
1064 1602 1275 1658 Domini,
1310 1601 1503 1664 proinde
1534 1601 1729 1657 bonum,
1765 1613 1818 1648 ut
1851 1617 1964 1648 mox
1998 1599 2129 1665 supra
2162 1618 2223 1650 n:
2245 1618 2394 1666 3705,

385 1667 642 1722 ostensum;
684 1667 839 1730 pulvis
861 1667 981 1713 illius
1005 1679 1137 1714 terrae
1169 1666 1234 1724 est
1271 1667 1374 1713 ideo
1397 1667 1591 1723 bonum,
1627 1666 1705 1714 sed
1727 1667 1903 1714 bonum
1926 1668 2141 1724 naturale,
2176 1671 2283 1731 quia
2313 1685 2395 1732 per

385 1747 569 1790 terram,
606 1745 659 1780 ut
685 1749 872 1797 quoque
906 1733 969 1780 ibi
1005 1731 1248 1789 ostensum,
1285 1732 1565 1796 significatur
1596 1732 1645 1779 id
1676 1733 1804 1796 quod
1839 1731 2024 1781 inferius
2058 1733 2121 1781 est
2156 1736 2202 1781 in
2225 1736 2396 1798 Regno

385 1802 598 1857 Domini,
634 1801 698 1848 ita
719 1800 932 1857 naturale,
969 1815 1078 1848 cum
1115 1800 1310 1856 coelum,
1347 1799 1535 1864 quando
1572 1815 1758 1864 quoque
1781 1802 2060 1856 nominatur,
2095 1801 2144 1848 id
2167 1801 2294 1864 quod
2328 1803 2396 1850 in—

388 1869 527 1915 terius
551 1867 625 1914 seu
650 1867 891 1915 rationale:
934 1867 1038 1914 inde
1073 1866 1154 1924 est,
1196 1866 1323 1930 quod
1365 1866 1654 1914 fructificatio
1696 1867 1803 1914 boni
1842 1869 1893 1914 δε
1936 1867 2259 1931 multiplicatio
2283 1871 2396 1925 veri,

390 1935 550 1998 passim
586 1934 632 1979 in
653 1933 810 1980 Verbo
842 1934 1124 1996 exprimatur
1153 1949 1234 1996 per
1266 1934 1396 1996 quod
1429 1933 1579 1981 semen
1615 1934 1702 1980 erit
1735 1934 1848 1981 ficut
1871 1933 2023 1981 „stellae
2058 1935 2306 1992 coelorum,
2347 1936 2399 1983 &

391 2001 508 2047 ficut
541 1999 692 2062 pulvis
722 2011 868 2055 terrae,
910 2015 992 2062 per
1022 1999 1163 2046 stellas
1195 2000 1423 2047 coelorum
1460 2012 1570 2047 tunc
1610 2000 1920 2064 significantur
1952 2001 2196 2058 rationalia,
2236 2003 2283 2048 ὅτ
2318 2018 2406 2066 per*

392 2066 630 2130 pulverem
655 2079 785 2113 terrae
810 2066 1041 2122 naturalia,
1077 2080 1184 2129 quae
1218 2066 1279 2113 ita
1314 2066 1524 2114 crescent.
1597 2068 1729 2125 Quid
1756 2067 1824 2124 fit,
1862 2067 1990 2131 quod
2014 2084 2175 2115 verum
2201 2069 2400 2117 naturale

393 2134 479 2180 erit
512 2132 627 2180 ficut
666 2132 842 2180 bonum
878 2133 1092 2190 naturale,
1133 2133 1181 2179 in
1219 2131 1524 2196 sequentibuS,
1566 2148 1622 2180 ex
1653 2133 1827 2181 Divina
1846 2135 2045 2182 Domini
2069 2133 2400 2192 Misericordia,

381 2199 707 2264 explicabitur.
1519 2223 1523 2228 -
1656 2215 1662 2224 ¹

466 2270 610 2330 3708.
645 2267 710 2313 Et
732 2282 943 2330 erumpes
983 2268 1040 2314 ad
1065 2282 1186 2315 mare
1219 2266 1270 2314 δε
1308 2265 1363 2313 ad
1400 2267 1638 2323 orientem,
1679 2265 1806 2330 quod
1841 2265 2063 2330 fignificet
2085 2268 2402 2317 extensionem

396 2333 622 2379 infinitam
648 2332 774 2390 boni,
809 2333 857 2380 &
893 2334 949 2380 ad
987 2335 1333 2397 septentrionem
1371 2334 1421 2380 δε
1452 2334 1511 2380 ad
1538 2332 1794 2389 meridiem,
1813 2333 1958 2396 ⁴quod
1991 2333 2213 2395 significet
2247 2348 2405 2382 exten·

397 2398 568 2446 sionem
604 2399 828 2446 infinitam
854 2401 965 2456 veri,
1003 2401 1064 2447 ita
1100 2416 1259 2447 omnes
1293 2399 1428 2446 status
1462 2399 1571 2446 boni
1600 2401 1650 2447 &
1673 2401 1786 2456 veri,
1823 2399 1996 2447 constat
2029 2415 2054 2446 a
2076 2399 2408 2462 significatione

383 2480 654 2527 erumpere,
697 2465 824 2528 quod
859 2465 914 2512 fit
948 2466 1165 2523 extensio,
1206 2466 1280 2513 hic
1318 2465 1516 2513 extensio
1554 2466 1729 2513 infinita
1764 2467 1872 2529 quia
1905 2465 2176 2529 praedicatur
2211 2467 2270 2514 de
2302 2469 2404 2515 Do-

400 2532 555 2586 mino·‚
598 2547 622 2578 a
644 2531 970 2594 fignificatione
996 2535 1130 2580 maris
1153 2532 1227 2580 seu
1251 2532 1516 2590 occidentis,
1548 2532 1679 2595 quod
1710 2532 1765 2579 fit
1789 2533 1963 2580 bonum
1988 2532 2136 2581 adhuc
2160 2532 2404 2581 obscurum

402 2600 464 2645 ita
503 2598 756 2660 incipiens;
813 2614 838 2645 a
877 2598 1204 2661 fignificatione
1239 2600 1438 2656 orientiS‚
1485 2599 1611 2662 quod
1651 2599 1706 2647 fit
1740 2599 1914 2646 bonum
1954 2599 2162 2646 lucidum
2210 2602 2270 2648 ita
2302 2616 2406 2664 per-

402 2663 573 2711 sedium
594 2686 608 2719 ;
650 2680 706 2711 ex
728 2665 1405 2730 fignificatione·septentrionis,
1441 2666 1569 2729 quod
1591 2665 1644 2712 fit
1667 2682 1828 2713 verum
1850 2666 2001 2714 adhuc
2026 2667 2074 2713 in
2095 2666 2315 2723 obscuro3
2353 2668 2405 2717 ὅτ

398 2747 427 2778 a
450 2731 774 2794 fignificatione
799 2732 1019 2789 meridiei,
1056 2733 1182 2796 quod
1218 2734 1272 2780 fit
1294 2748 1456 2780 verum
1493 2734 1540 2779 in
1563 2732 1679 2780 luce.
1750 2733 1916 2781 Multis
1952 2736 1998 2780 in
2032 2733 2142 2781 locis
2178 2735 2224 2780 in
2248 2733 2409 2782 Verbo

400 2799 667 2845 nominatur
698 2815 818 2846 mare
855 2798 926 2846 seu
961 2800 1190 2857 occidens,
1225 2801 1387 2857 oriens,
1423 2799 1665 2863 septentrio
1702 2801 1752 2847 &
1779 2801 2006 2857 meridies,
2047 2801 2121 2846 sed
2152 2802 2258 2864 quia
2290 2817 2404 2847 non·

404 2863 524 2910 dum
556 2865 688 2911 alicui
723 2878 885 2913 notum
911 2864 1015 2924 fuit,
1056 2867 1185 2930 quod
1217 2867 1291 2914 illa
1323 2867 1436 2914 sicut
1474 2867 1629 2914 omnia
1665 2869 1716 2914 δε
1755 2867 1930 2931 lingula
1963 2866 2137 2914 sensum
2174 2869 2404 2917 internum

406 2928 657 2988 habuerint,
693 2933 741 2979 in
771 2949 865 2996 quo
889 2949 981 2980 non
1022 2934 1252 2982 mundana
1289 2933 1538 2982 secundum
1579 2933 1754 2981 sensum
1788 2935 1947 2991 literae,
1984 2933 2056 2981 sed
2082 2933 2320 2998 spiritualia
2353 2934 2403 2979 δε

408 2995 619 3053 coelestia,
654 3014 706 3045 ac
740 3001 789 3046 in
823 2997 1033 3063 supremo
1064 2999 1186 3048 sensu
1207 3002 1379 3049 Divina
1412 3001 1554 3065 lpfius
1576 3001 1788 3059 Domini,
1826 3001 2144 3065 significarent,
2180 3001 2284 3047 ideo
2314 3015 2410 3047 nort

409 3061 529 3108 aliud
555 3062 660 3110 scire
680 3077 946 3127 potuerunt,
983 3084 1125 3131 quam
1147 3069 1277 3132 quod
1312 3085 1394 3133 per
1416 3067 1722 3126 occidentem,
1760 3070 1997 3124 orientem,
2038 3066 2403 3130 septentrionem,

407 3126 462 3173 &
486 3129 739 3187 meridiem,
775 3132 1067 3182 solummodo
1090 3135 1240 3199 plagae
1272 3135 1437 3182 mundi
1471 3135 1516 3181 in
1538 3133 1695 3182 Verbo
1718 3135 2042 3198 intelligantur,
2077 3135 2128 3181 δε
2152 3148 2230 3195 per
2252 3146 2406 3177 erum·

414 3207 517 3256 pere
549 3194 607 3242 ad
638 3195 732 3246 illas
755 3198 926 3263 plagas,
960 3200 1318 3270 multiplicati03
1358 3200 1434 3252 sed
1469 3199 1599 3265 quod
1631 3201 1818 3265 petrina
1853 3217 1945 3255 non
1979 3199 2130 3266 plage
2152 3197 2406 3262 fignificen-

2321 3273 2421 3319 tur,
